time,symbol,price,day_volume
2022-10-19 23:59:59+00,TSLA,208.15,
2022-10-19 23:59:59+00,AAPL,143.035,
2022-10-19 23:59:59+00,CVX,168.67,
2022-10-19 23:59:59+00,SNAP,10.92,
2022-10-19 23:59:59+00,BA,137.8,
2022-10-19 23:59:59+00,CVX,168.67,
2022-10-19 23:59:58+00,TSLA,208.16,
2022-10-19 23:59:57+00,MSFT,234.55,
2022-10-19 23:59:57+00,BA,137.8,
2022-10-19 23:59:57+00,C,42.99,
2022-10-19 23:59:56+00,BAC,33.82,
2022-10-19 23:59:56+00,BAC,33.82,
2022-10-19 23:59:56+00,BAC,33.82,
2022-10-19 23:59:55+00,SNAP,10.92,
2022-10-19 23:59:54+00,INTC,25.98,
2022-10-19 23:59:54+00,TSLA,208.08,
2022-10-19 23:59:54+00,IBM,126.07,
2022-10-19 23:59:54+00,CVX,168.22,
2022-10-19 23:59:54+00,IBM,126.07,
2022-10-19 23:59:52+00,AAPL,143.06,
2022-10-19 23:59:51+00,AMZN,113.88,
2022-10-19 23:59:50+00,TSLA,208.045,
2022-10-19 23:59:50+00,INTC,25.95,
2022-10-19 23:59:50+00,WFC,43.46,
2022-10-19 23:59:50+00,WFC,43.46,
2022-10-19 23:59:49+00,USB,41.27,
2022-10-19 23:59:49+00,XOM,104.32,
2022-10-19 23:59:49+00,MSFT,234.5,
2022-10-19 23:59:49+00,SQ,53.66,
2022-10-19 23:59:49+00,USB,41.27,
2022-10-19 23:59:49+00,XOM,104.32,
2022-10-19 23:59:49+00,DIS,98.58,
2022-10-19 23:59:49+00,SQ,53.66,
2022-10-19 23:59:49+00,XOM,104.32,
2022-10-19 23:59:49+00,SQ,53.66,
2022-10-19 23:59:49+00,USB,41.27,
2022-10-19 23:59:48+00,C,42.98,
2022-10-19 23:59:48+00,IBM,126.01,
2022-10-19 23:59:48+00,C,42.98,
2022-10-19 23:59:48+00,C,42.98,
2022-10-19 23:59:47+00,DIS,98.58,
2022-10-19 23:59:47+00,TSLA,208.005,
2022-10-19 23:59:47+00,DIS,98.58,
2022-10-19 23:59:46+00,BA,137.9,
2022-10-19 23:59:46+00,TSLA,208,
2022-10-19 23:59:46+00,BA,137.9,
2022-10-19 23:59:45+00,TSLA,207.91,
2022-10-19 23:59:45+00,AAPL,143,
2022-10-19 23:59:45+00,AMD,56.71,
2022-10-19 23:59:44+00,NVDA,119.05,
2022-10-19 23:59:43+00,TSLA,207.93,
2022-10-19 23:59:43+00,MSFT,234.45,
2022-10-19 23:59:42+00,MSFT,234.47,
2022-10-19 23:59:42+00,SNAP,10.92,
2022-10-19 23:59:42+00,IBM,126.01,
2022-10-19 23:59:42+00,HD,275.32,
2022-10-19 23:59:42+00,HD,275.32,
2022-10-19 23:59:39+00,NVDA,119.05,
2022-10-19 23:59:39+00,TSLA,207.975,
2022-10-19 23:59:39+00,AAPL,143.04,
2022-10-19 23:59:38+00,AMD,56.72,
2022-10-19 23:59:37+00,AAPL,143.055,
2022-10-19 23:59:35+00,TSLA,208.045,
2022-10-19 23:59:35+00,SQ,53.67,
2022-10-19 23:59:35+00,T,15.66,
2022-10-19 23:59:34+00,SQ,53.75,
2022-10-19 23:59:34+00,UBER,27.34,
2022-10-19 23:59:34+00,UBER,27.34,
2022-10-19 23:59:34+00,UBER,27.34,
2022-10-19 23:59:33+00,NVDA,119.05,
2022-10-19 23:59:33+00,MSFT,234.45,
2022-10-19 23:59:33+00,T,15.66,
2022-10-19 23:59:33+00,T,15.66,
2022-10-19 23:59:31+00,MO,44.65,
2022-10-19 23:59:31+00,MO,44.65,
2022-10-19 23:59:31+00,HD,275.36,
2022-10-19 23:59:31+00,ORCL,66.49,
2022-10-19 23:59:31+00,HD,275.36,
2022-10-19 23:59:31+00,ORCL,66.49,
2022-10-19 23:59:31+00,ORCL,66.49,
2022-10-19 23:59:31+00,MO,44.65,
2022-10-19 23:59:30+00,NFLX,270.45,
2022-10-19 23:59:30+00,T,15.65,
2022-10-19 23:59:30+00,MU,52.58,
2022-10-19 23:59:30+00,INTC,25.86,
2022-10-19 23:59:30+00,KO,55.96,
2022-10-19 23:59:30+00,IBM,126.01,
2022-10-19 23:59:30+00,PG,129.54,
2022-10-19 23:59:30+00,GM,33.58,
2022-10-19 23:59:30+00,PFE,43.1,
2022-10-19 23:59:30+00,CRM,152.26,
2022-10-19 23:59:30+00,JPM,116.38,
2022-10-19 23:59:30+00,VZ,36.57,
2022-10-19 23:59:30+00,PFE,43.1,
2022-10-19 23:59:30+00,GM,33.58,
2022-10-19 23:59:30+00,JPM,116.38,
2022-10-19 23:59:30+00,KO,55.96,
2022-10-19 23:59:30+00,CRM,152.26,
2022-10-19 23:59:30+00,PG,129.54,
2022-10-19 23:59:29+00,BA,137.75,
2022-10-19 23:59:29+00,NVDA,118.93,
2022-10-19 23:59:29+00,TSLA,207.935,
2022-10-19 23:59:28+00,AMZN,114,
2022-10-19 23:59:27+00,T,15.65,
2022-10-19 23:59:27+00,NFLX,270.4,
2022-10-19 23:59:27+00,TSLA,207.9,
2022-10-19 23:59:27+00,AAPL,143.055,
2022-10-19 23:59:27+00,AMD,56.74,
2022-10-19 23:59:27+00,CVX,168.22,
2022-10-19 23:59:27+00,CVX,168.22,
2022-10-19 23:59:24+00,AMD,56.78,
2022-10-19 23:59:23+00,NFLX,270.5,
2022-10-19 23:59:23+00,TSLA,207.75,
2022-10-19 23:59:23+00,AMZN,113.95,
2022-10-19 23:59:23+00,NVDA,119.05,
2022-10-19 23:59:22+00,MSFT,235.4,
2022-10-19 23:59:21+00,SNAP,10.92,
2022-10-19 23:59:20+00,AAPL,143.05,
2022-10-19 23:59:19+00,IBM,126.05,
2022-10-19 23:59:19+00,IBM,126.05,
2022-10-19 23:59:19+00,IBM,126.05,
2022-10-19 23:59:19+00,IBM,126.05,
2022-10-19 23:59:18+00,TSLA,207.8,
2022-10-19 23:59:18+00,CVX,168.5,
2022-10-19 23:59:17+00,SNAP,10.88,
2022-10-19 23:59:17+00,SNAP,10.88,
2022-10-19 23:59:17+00,SNAP,10.88,
2022-10-19 23:59:16+00,TSLA,207.8,
2022-10-19 23:59:14+00,SNAP,10.86,
2022-10-19 23:59:14+00,AMZN,113.85,
2022-10-19 23:59:13+00,TSLA,207.7,
2022-10-19 23:59:13+00,NVDA,118.93,
2022-10-19 23:59:13+00,SQ,53.75,
2022-10-19 23:59:13+00,SQ,53.75,
2022-10-19 23:59:12+00,VZ,36.58,
2022-10-19 23:59:12+00,VZ,36.58,
2022-10-19 23:59:10+00,INTC,25.95,
2022-10-19 23:59:10+00,UBER,27.35,
2022-10-19 23:59:10+00,UBER,27.35,
2022-10-19 23:59:09+00,TSLA,207.82,
2022-10-19 23:59:08+00,AAPL,143.105,
2022-10-19 23:59:05+00,INTC,25.98,
2022-10-19 23:59:05+00,TSLA,207.8,
2022-10-19 23:59:05+00,GOOG,100.21,
2022-10-19 23:59:03+00,JNJ,164.69,
2022-10-19 23:59:03+00,AMZN,114,
2022-10-19 23:59:03+00,JNJ,164.69,
2022-10-19 23:59:02+00,AAPL,143.105,
2022-10-19 23:59:02+00,MS,77.21,
2022-10-19 23:59:02+00,MS,77.21,
2022-10-19 23:59:01+00,AMD,56.79,
2022-10-19 23:59:01+00,TSLA,207.825,
2022-10-19 23:58:59+00,CVX,168.23,
2022-10-19 23:58:58+00,ORCL,66.41,
2022-10-19 23:58:57+00,NFLX,270.77,
2022-10-19 23:58:57+00,TSLA,207.85,
2022-10-19 23:58:57+00,NVDA,118.93,
2022-10-19 23:58:57+00,SQ,53.76,
2022-10-19 23:58:57+00,SQ,53.76,
2022-10-19 23:58:56+00,IBM,126.2,
2022-10-19 23:58:55+00,IBM,126.02,
2022-10-19 23:58:55+00,NVDA,118.93,
2022-10-19 23:58:55+00,PG,129.54,
2022-10-19 23:58:54+00,TSLA,207.88,
2022-10-19 23:58:54+00,AMZN,114,
2022-10-19 23:58:53+00,NFLX,270.75,
2022-10-19 23:58:51+00,HD,275.36,
2022-10-19 23:58:51+00,HD,275.36,
2022-10-19 23:58:50+00,XOM,104.32,
2022-10-19 23:58:50+00,AAPL,143.08,
2022-10-19 23:58:50+00,TSLA,207.9,
2022-10-19 23:58:48+00,IBM,126.05,
2022-10-19 23:58:48+00,ORCL,66.41,
2022-10-19 23:58:47+00,TSLA,207.88,
2022-10-19 23:58:46+00,SQ,53.76,
2022-10-19 23:58:46+00,TSLA,207.99,
2022-10-19 23:58:46+00,MSFT,235.48,
2022-10-19 23:58:46+00,AMD,56.74,
2022-10-19 23:58:46+00,SQ,53.76,
2022-10-19 23:58:45+00,AMZN,114.05,
2022-10-19 23:58:44+00,TSLA,207.945,
2022-10-19 23:58:43+00,ORCL,66.41,
2022-10-19 23:58:42+00,TSLA,207.96,
2022-10-19 23:58:42+00,AAPL,143,
2022-10-19 23:58:42+00,QCOM,111.8,
2022-10-19 23:58:41+00,INTC,25.96,
2022-10-19 23:58:41+00,NFLX,270.77,
2022-10-19 23:58:41+00,PYPL,84.54,
2022-10-19 23:58:41+00,MSFT,234.53,
2022-10-19 23:58:41+00,AMD,56.78,
2022-10-19 23:58:40+00,SQ,53.68,
2022-10-19 23:58:40+00,AAPL,143,
2022-10-19 23:58:40+00,NVDA,118.91,
2022-10-19 23:58:39+00,AMD,56.78,
2022-10-19 23:58:38+00,NFLX,270.5,
2022-10-19 23:58:38+00,TSLA,207.895,
2022-10-19 23:58:36+00,UBER,27.35,
2022-10-19 23:58:35+00,TSLA,208,
2022-10-19 23:58:34+00,T,15.65,
2022-10-19 23:58:32+00,SNAP,10.87,
2022-10-19 23:58:32+00,SNAP,10.87,
2022-10-19 23:58:31+00,TSLA,207.825,
2022-10-19 23:58:31+00,AAPL,143.09,
2022-10-19 23:58:30+00,SNAP,10.88,
2022-10-19 23:58:30+00,GM,33.58,
2022-10-19 23:58:30+00,GM,33.58,
2022-10-19 23:58:29+00,SQ,53.75,
2022-10-19 23:58:28+00,NFLX,270.55,
2022-10-19 23:58:28+00,TSLA,207.87,
2022-10-19 23:58:28+00,KO,55.96,
2022-10-19 23:58:28+00,NVDA,119.06,
2022-10-19 23:58:28+00,KO,55.96,
2022-10-19 23:58:24+00,TSLA,207.91,
2022-10-19 23:58:24+00,NKE,88.15,
2022-10-19 23:58:24+00,NKE,88.15,
2022-10-19 23:58:20+00,TSLA,208,
2022-10-19 23:58:19+00,AMZN,114.05,
2022-10-19 23:58:17+00,NVDA,119,
2022-10-19 23:58:17+00,TSLA,207.95,
2022-10-19 23:58:16+00,CRM,152.96,
2022-10-19 23:58:15+00,MSFT,234.8,
2022-10-19 23:58:14+00,TSLA,208,
2022-10-19 23:58:14+00,GOOG,100.14,
2022-10-19 23:58:14+00,AMZN,114.05,
2022-10-19 23:58:13+00,SNAP,10.88,
2022-10-19 23:58:11+00,NFLX,270.77,
2022-10-19 23:58:10+00,TSLA,208,
2022-10-19 23:58:10+00,AAPL,143.055,
2022-10-19 23:58:08+00,IBM,126.05,
2022-10-19 23:58:08+00,NFLX,270.775,
2022-10-19 23:58:07+00,TSLA,208.06,
2022-10-19 23:58:06+00,MSFT,234.75,
2022-10-19 23:58:04+00,TSLA,208,
2022-10-19 23:58:04+00,DIS,98.78,
2022-10-19 23:58:04+00,DIS,98.78,
2022-10-19 23:58:03+00,IBM,126.05,
2022-10-19 23:58:03+00,AMZN,114.1,
2022-10-19 23:58:02+00,SNAP,10.88,
2022-10-19 23:58:02+00,NVDA,119,
2022-10-19 23:58:02+00,C,43,
2022-10-19 23:58:02+00,C,43,
2022-10-19 23:58:01+00,T,15.65,
2022-10-19 23:58:00+00,TSLA,208.1,
2022-10-19 23:57:59+00,ORCL,66.5,
2022-10-19 23:57:59+00,AAPL,142.96,
2022-10-19 23:57:59+00,ORCL,66.49,
2022-10-19 23:57:59+00,C,43.12,
2022-10-19 23:57:59+00,ORCL,66.49,
2022-10-19 23:57:59+00,ORCL,66.49,
2022-10-19 23:57:59+00,ORCL,66.49,
2022-10-19 23:57:59+00,ORCL,66.49,
2022-10-19 23:57:59+00,ORCL,66.49,
2022-10-19 23:57:58+00,AMZN,114.15,
2022-10-19 23:57:58+00,AMD,56.79,
2022-10-19 23:57:57+00,TSLA,208.05,
2022-10-19 23:57:55+00,NFLX,270.77,
2022-10-19 23:57:55+00,CRM,152.98,
2022-10-19 23:57:53+00,TSLA,208.1,
2022-10-19 23:57:53+00,AAPL,143,
2022-10-19 23:57:52+00,XOM,104.21,
2022-10-19 23:57:51+00,BAC,33.82,
2022-10-19 23:57:51+00,MU,52.8,
2022-10-19 23:57:51+00,BAC,33.82,
2022-10-19 23:57:50+00,AAPL,142.975,
2022-10-19 23:57:50+00,GOOG,100.14,
2022-10-19 23:57:48+00,TSLA,208.05,
2022-10-19 23:57:46+00,TSLA,208.1,
2022-10-19 23:57:45+00,AAPL,142.95,
2022-10-19 23:57:44+00,TSLA,208.08,
2022-10-19 23:57:44+00,CAT,183.52,
2022-10-19 23:57:44+00,AMD,56.74,
2022-10-19 23:57:44+00,CAT,183.52,
2022-10-19 23:57:44+00,CAT,183.52,
2022-10-19 23:57:44+00,CAT,183.52,
2022-10-19 23:57:41+00,TSLA,208.08,
2022-10-19 23:57:41+00,AMZN,114.1,
2022-10-19 23:57:41+00,PYPL,84.53,
2022-10-19 23:57:40+00,NVDA,119.3,
2022-10-19 23:57:38+00,TSLA,208.2,
2022-10-19 23:57:37+00,SQ,53.7,
2022-10-19 23:57:36+00,KO,55.88,
2022-10-19 23:57:36+00,NKE,88.19,
2022-10-19 23:57:35+00,AAPL,142.95,
2022-10-19 23:57:35+00,MS,77.21,
2022-10-19 23:57:35+00,PFE,43.05,
2022-10-19 23:57:34+00,AAPL,143.025,
2022-10-19 23:57:34+00,NFLX,270.665,
2022-10-19 23:57:34+00,TSLA,208.2,
2022-10-19 23:57:33+00,SQ,53.7,
2022-10-19 23:57:31+00,UBER,27.4,
2022-10-19 23:57:31+00,UBER,27.4,
2022-10-19 23:57:31+00,UBER,27.4,
2022-10-19 23:57:30+00,TSLA,208.2,
2022-10-19 23:57:30+00,PYPL,84.54,
2022-10-19 23:57:28+00,NFLX,270.77,
2022-10-19 23:57:28+00,INTC,25.95,
2022-10-19 23:57:28+00,PYPL,84.54,
2022-10-19 23:57:26+00,TSLA,208.2,
2022-10-19 23:57:26+00,NVDA,119.19,
2022-10-19 23:57:23+00,AAPL,143.005,
2022-10-19 23:57:23+00,SNAP,10.82,
2022-10-19 23:57:23+00,SNAP,10.82,
2022-10-19 23:57:22+00,NFLX,270.54,
2022-10-19 23:57:21+00,AMD,56.725,
2022-10-19 23:57:21+00,TSLA,208.25,
2022-10-19 23:57:20+00,MS,77.21,
2022-10-19 23:57:20+00,MS,77.21,
2022-10-19 23:57:18+00,TSLA,208.24,
2022-10-19 23:57:18+00,INTC,25.95,
2022-10-19 23:57:17+00,AMAT,76.26,
2022-10-19 23:57:15+00,NVDA,119,
2022-10-19 23:57:14+00,AMD,56.73,
2022-10-19 23:57:14+00,TSLA,208.3,
2022-10-19 23:57:14+00,AMAT,76.35,
2022-10-19 23:57:11+00,TSLA,208.3,
2022-10-19 23:57:11+00,AMAT,76.35,
2022-10-19 23:57:09+00,NVDA,119.19,
2022-10-19 23:57:08+00,PFE,43.1,
2022-10-19 23:57:08+00,AAPL,143.065,
2022-10-19 23:57:08+00,PFE,43.1,
2022-10-19 23:57:07+00,TSLA,208.3,
2022-10-19 23:57:04+00,AMZN,114.07,
2022-10-19 23:57:04+00,NVDA,119,
2022-10-19 23:57:02+00,AMAT,76.35,
2022-10-19 23:57:02+00,TSLA,208.32,
2022-10-19 23:57:00+00,TSLA,208.365,
2022-10-19 23:57:00+00,NVDA,119.19,
2022-10-19 23:56:57+00,TSLA,208.4,
2022-10-19 23:56:55+00,AMZN,114.045,
2022-10-19 23:56:54+00,TSLA,208.4,
2022-10-19 23:56:53+00,TSLA,208.4,
2022-10-19 23:56:52+00,NFLX,270.66,
2022-10-19 23:56:52+00,NVDA,118.95,
2022-10-19 23:56:51+00,AAPL,143.04,
2022-10-19 23:56:49+00,NVDA,118.95,
2022-10-19 23:56:49+00,INTC,25.95,
2022-10-19 23:56:49+00,TSLA,208.385,
2022-10-19 23:56:49+00,AMD,56.72,
2022-10-19 23:56:47+00,MU,52.58,
2022-10-19 23:56:45+00,TSLA,208.39,
2022-10-19 23:56:44+00,TSLA,208.38,
2022-10-19 23:56:44+00,NVDA,119.165,
2022-10-19 23:56:43+00,JPM,116.2,
2022-10-19 23:56:43+00,JPM,116.2,
2022-10-19 23:56:42+00,V,186.3,
2022-10-19 23:56:40+00,DIS,98.79,
2022-10-19 23:56:40+00,TSLA,208.35,
2022-10-19 23:56:39+00,AAPL,142.95,
2022-10-19 23:56:38+00,AMZN,114.07,
2022-10-19 23:56:36+00,TSLA,208.5,
2022-10-19 23:56:35+00,AAPL,142.975,
2022-10-19 23:56:34+00,AMZN,114.07,
2022-10-19 23:56:34+00,V,186,
2022-10-19 23:56:32+00,TSLA,208.49,
2022-10-19 23:56:30+00,NVDA,119.38,
2022-10-19 23:56:29+00,TSLA,208.49,
2022-10-19 23:56:28+00,INTC,25.96,
2022-10-19 23:56:28+00,MU,52.79,
2022-10-19 23:56:28+00,NFLX,270.65,
2022-10-19 23:56:25+00,TSLA,208.575,
2022-10-19 23:56:24+00,AAPL,142.975,
2022-10-19 23:56:24+00,AMD,56.71,
2022-10-19 23:56:23+00,NVDA,118.955,
2022-10-19 23:56:21+00,TSLA,208.6,
2022-10-19 23:56:21+00,AMZN,114.01,
2022-10-19 23:56:20+00,NFLX,270.54,
2022-10-19 23:56:17+00,TSLA,208.6,
2022-10-19 23:56:14+00,TSLA,208.6,
2022-10-19 23:56:13+00,AMZN,114.005,
2022-10-19 23:56:10+00,TSLA,208.6,
2022-10-19 23:56:09+00,AMZN,114.13,
2022-10-19 23:56:07+00,INTC,25.93,
2022-10-19 23:56:06+00,TSLA,208.65,
2022-10-19 23:56:06+00,AAPL,142.99,
2022-10-19 23:56:04+00,NVDA,118.9299,
2022-10-19 23:56:03+00,NFLX,270.54,
2022-10-19 23:56:02+00,TSLA,208.61,
2022-10-19 23:56:02+00,AMZN,114.01,
2022-10-19 23:56:01+00,VZ,36.58,
2022-10-19 23:56:01+00,AMD,56.74,
2022-10-19 23:56:00+00,AMZN,114.13,
2022-10-19 23:55:59+00,AAPL,142.93,
2022-10-19 23:55:59+00,CVX,168.5,
2022-10-19 23:55:59+00,CVX,168.5,
2022-10-19 23:55:58+00,T,15.65,
2022-10-19 23:55:58+00,T,15.65,
2022-10-19 23:55:58+00,T,15.65,
2022-10-19 23:55:57+00,AMZN,114.07,
2022-10-19 23:55:57+00,TSLA,208.61,
2022-10-19 23:55:57+00,CVX,168.5,
2022-10-19 23:55:55+00,T,15.65,
2022-10-19 23:55:54+00,TSLA,208.6,
2022-10-19 23:55:51+00,TSLA,208.65,
2022-10-19 23:55:51+00,GOOG,100.01,
2022-10-19 23:55:49+00,MU,52.58,
2022-10-19 23:55:49+00,CRM,152.26,
2022-10-19 23:55:47+00,TSLA,208.5,
2022-10-19 23:55:46+00,CRM,152.05,
2022-10-19 23:55:45+00,TSLA,208.465,
2022-10-19 23:55:44+00,NFLX,270,
2022-10-19 23:55:41+00,TSLA,208.5,
2022-10-19 23:55:40+00,NFLX,270.65,
2022-10-19 23:55:39+00,SNAP,10.82,
2022-10-19 23:55:39+00,SNAP,10.82,
2022-10-19 23:55:38+00,TSLA,208.5,
2022-10-19 23:55:37+00,AMD,56.71,
2022-10-19 23:55:35+00,HD,275.1,
2022-10-19 23:55:35+00,HD,275.1,
2022-10-19 23:55:34+00,TSLA,208.46,
2022-10-19 23:55:33+00,AMZN,114.025,
2022-10-19 23:55:31+00,NVDA,118.88,
2022-10-19 23:55:30+00,TSLA,208.6,
2022-10-19 23:55:29+00,AAPL,142.985,
2022-10-19 23:55:28+00,NVDA,118.88,
2022-10-19 23:55:26+00,TSLA,208.65,
2022-10-19 23:55:26+00,NFLX,270.66,
2022-10-19 23:55:26+00,MU,52.58,
2022-10-19 23:55:24+00,XOM,104.21,
2022-10-19 23:55:24+00,TSLA,208.5,
2022-10-19 23:55:23+00,MO,44.65,
2022-10-19 23:55:23+00,AMZN,114.05,
2022-10-19 23:55:23+00,SNAP,10.82,
2022-10-19 23:55:23+00,SNAP,10.82,
2022-10-19 23:55:21+00,GM,33.43,
2022-10-19 23:55:20+00,TSLA,208.65,
2022-10-19 23:55:16+00,C,42.98,
2022-10-19 23:55:16+00,TSLA,208.65,
2022-10-19 23:55:16+00,C,42.98,
2022-10-19 23:55:16+00,C,42.98,
2022-10-19 23:55:15+00,AMZN,114.01,
2022-10-19 23:55:14+00,TSLA,208.61,
2022-10-19 23:55:12+00,SNAP,10.83,
2022-10-19 23:55:12+00,SNAP,10.83,
2022-10-19 23:55:11+00,KO,55.96,
2022-10-19 23:55:10+00,BA,137.9,
2022-10-19 23:55:10+00,BAC,33.86,
2022-10-19 23:55:10+00,AAPL,142.92,
2022-10-19 23:55:10+00,TSLA,208.61,
2022-10-19 23:55:10+00,NFLX,270.675,
2022-10-19 23:55:10+00,BAC,33.86,
2022-10-19 23:55:09+00,SNAP,10.83,
2022-10-19 23:55:09+00,CVX,168.27,
2022-10-19 23:55:08+00,TSLA,208.525,
2022-10-19 23:55:05+00,GOOG,100,
2022-10-19 23:55:04+00,TSLA,208.575,
2022-10-19 23:55:03+00,GOOG,100.15,
2022-10-19 23:55:03+00,AMZN,114.08,
2022-10-19 23:55:03+00,NVDA,118.88,
2022-10-19 23:55:03+00,AAPL,143,
2022-10-19 23:55:02+00,TSLA,208.6,
2022-10-19 23:55:01+00,DIS,98.79,
2022-10-19 23:54:59+00,PG,129.38,
2022-10-19 23:54:59+00,NFLX,270.65,
2022-10-19 23:54:59+00,PG,129.38,
2022-10-19 23:54:59+00,PG,129.38,
2022-10-19 23:54:58+00,TSLA,208.64,
2022-10-19 23:54:55+00,TSLA,208.6,
2022-10-19 23:54:53+00,XOM,104.21,
2022-10-19 23:54:52+00,AMZN,114,
2022-10-19 23:54:51+00,TSLA,208.7,
2022-10-19 23:54:49+00,T,15.65,
2022-10-19 23:54:48+00,TSLA,208.7,
2022-10-19 23:54:48+00,AMZN,114,
2022-10-19 23:54:46+00,NFLX,270.65,
2022-10-19 23:54:46+00,TSLA,208.7,
2022-10-19 23:54:45+00,QCOM,111.81,
2022-10-19 23:54:44+00,TSLA,208.7,
2022-10-19 23:54:41+00,TSLA,208.7,
2022-10-19 23:54:41+00,NVDA,118.8,
2022-10-19 23:54:40+00,AMZN,114.15,
2022-10-19 23:54:37+00,TSLA,208.69,
2022-10-19 23:54:36+00,NVDA,118.8,
2022-10-19 23:54:35+00,TSLA,208.69,
2022-10-19 23:54:35+00,NFLX,270.54,
2022-10-19 23:54:35+00,AMZN,114,
2022-10-19 23:54:32+00,TSLA,208.7,
2022-10-19 23:54:31+00,AMD,56.74,
2022-10-19 23:54:28+00,NFLX,270.62,
2022-10-19 23:54:28+00,TSLA,208.61,
2022-10-19 23:54:27+00,MSFT,235.25,
2022-10-19 23:54:25+00,TSLA,208.61,
2022-10-19 23:54:25+00,MSFT,235.25,
2022-10-19 23:54:23+00,TSLA,208.6,
2022-10-19 23:54:21+00,MSFT,235.25,
2022-10-19 23:54:19+00,TSLA,208.675,
2022-10-19 23:54:19+00,INTC,25.905,
2022-10-19 23:54:15+00,TSLA,208.6,
2022-10-19 23:54:14+00,T,15.65,
2022-10-19 23:54:13+00,AMZN,114.1,
2022-10-19 23:54:13+00,TSLA,208.63,
2022-10-19 23:54:09+00,TSLA,208.6,
2022-10-19 23:54:09+00,NVDA,118.8,
2022-10-19 23:54:08+00,DIS,98.79,
2022-10-19 23:54:07+00,T,15.65,
2022-10-19 23:54:07+00,AMZN,114.02,
2022-10-19 23:54:05+00,TSLA,208.6,
2022-10-19 23:54:04+00,MSFT,235.43,
2022-10-19 23:54:02+00,PYPL,84.54,
2022-10-19 23:54:01+00,TSLA,208.7,
2022-10-19 23:53:59+00,CRM,152.1,
2022-10-19 23:53:56+00,AMZN,114.02,
2022-10-19 23:53:55+00,TSLA,208.57,
2022-10-19 23:53:53+00,TSLA,208.6,
2022-10-19 23:53:52+00,NVDA,119,
2022-10-19 23:53:52+00,ZM,76.6,
2022-10-19 23:53:51+00,MSFT,235.25,
2022-10-19 23:53:51+00,GOOG,99.95,
2022-10-19 23:53:50+00,TSLA,208.65,
2022-10-19 23:53:50+00,NFLX,270.58,
2022-10-19 23:53:48+00,AMD,56.7,
2022-10-19 23:53:46+00,MSFT,235.25,
2022-10-19 23:53:46+00,AMD,56.74,
2022-10-19 23:53:46+00,TSLA,208.625,
2022-10-19 23:53:46+00,AAPL,142.95,
2022-10-19 23:53:45+00,NVDA,118.88,
2022-10-19 23:53:45+00,GE,70.52,
2022-10-19 23:53:45+00,GE,70.52,
2022-10-19 23:53:44+00,GOOG,100.05,
2022-10-19 23:53:44+00,AMD,56.725,
2022-10-19 23:53:43+00,INTC,25.905,
2022-10-19 23:53:43+00,TSLA,208.6,
2022-10-19 23:53:42+00,AAPL,143.05,
2022-10-19 23:53:42+00,MU,52.79,
2022-10-19 23:53:42+00,MSFT,235,
2022-10-19 23:53:41+00,NVDA,118.89,
2022-10-19 23:53:41+00,NFLX,270.5,
2022-10-19 23:53:38+00,TSLA,208.65,
2022-10-19 23:53:38+00,GOOG,99.975,
2022-10-19 23:53:36+00,TSLA,208.65,
2022-10-19 23:53:35+00,CVX,168.79,
2022-10-19 23:53:35+00,NVDA,118.65,
2022-10-19 23:53:35+00,CVX,168.79,
2022-10-19 23:53:35+00,CVX,168.79,
2022-10-19 23:53:33+00,SQ,53.75,
2022-10-19 23:53:32+00,SNAP,10.85,
2022-10-19 23:53:32+00,TSLA,208.61,
2022-10-19 23:53:32+00,SNAP,10.85,
2022-10-19 23:53:32+00,SNAP,10.85,
2022-10-19 23:53:32+00,SNAP,10.85,
2022-10-19 23:53:32+00,SNAP,10.85,
2022-10-19 23:53:32+00,SNAP,10.85,
2022-10-19 23:53:29+00,TSLA,208.62,
2022-10-19 23:53:29+00,MSFT,235,
2022-10-19 23:53:26+00,AAPL,142.995,
2022-10-19 23:53:26+00,TSLA,208.62,
2022-10-19 23:53:26+00,TSLA,208.63,
2022-10-19 23:53:26+00,AMZN,114.2,
2022-10-19 23:53:26+00,GOOG,99.95,
2022-10-19 23:53:25+00,NVDA,118.77,
2022-10-19 23:53:25+00,MSFT,234.78,
2022-10-19 23:53:24+00,TSLA,208.65,
2022-10-19 23:53:24+00,AAPL,143.05,
2022-10-19 23:53:22+00,CMCSA,30.31,
2022-10-19 23:53:22+00,NFLX,270.5,
2022-10-19 23:53:21+00,PFE,43.11,
2022-10-19 23:53:21+00,NFLX,270.35,
2022-10-19 23:53:20+00,TSLA,208.62,
2022-10-19 23:53:20+00,NVDA,118.7,
2022-10-19 23:53:18+00,AAPL,142.94,
2022-10-19 23:53:18+00,AAPL,142.94,
2022-10-19 23:53:17+00,TSLA,208.65,
2022-10-19 23:53:15+00,MSFT,235,
2022-10-19 23:53:15+00,NVDA,118.7,
2022-10-19 23:53:15+00,AMD,56.7,
2022-10-19 23:53:14+00,TSLA,208.59,
2022-10-19 23:53:12+00,NFLX,270.5,
2022-10-19 23:53:12+00,INTC,25.89,
2022-10-19 23:53:12+00,MSFT,234.92,
2022-10-19 23:53:12+00,NVDA,118.7,
2022-10-19 23:53:12+00,AMZN,114.1,
2022-10-19 23:53:11+00,TSLA,208.65,
2022-10-19 23:53:11+00,AMD,56.72,
2022-10-19 23:53:10+00,T,15.65,
2022-10-19 23:53:09+00,AAPL,143.015,
2022-10-19 23:53:08+00,TSLA,208.65,
2022-10-19 23:53:06+00,NVDA,118.7,
2022-10-19 23:53:04+00,TSLA,208.75,
2022-10-19 23:53:04+00,NVDA,118.73,
2022-10-19 23:53:03+00,GOOG,99.95,
2022-10-19 23:53:03+00,MU,52.58,
2022-10-19 23:53:03+00,CRM,152.5,
2022-10-19 23:53:01+00,TSLA,208.755,
2022-10-19 23:53:01+00,NVDA,118.8,
2022-10-19 23:53:01+00,AMZN,113.94,
2022-10-19 23:52:59+00,SNAP,10.86,
2022-10-19 23:52:59+00,AAPL,143.08,
2022-10-19 23:52:58+00,TSLA,208.8,
2022-10-19 23:52:56+00,T,15.66,
2022-10-19 23:52:56+00,AAPL,142.81,
2022-10-19 23:52:55+00,TSLA,208.6,
2022-10-19 23:52:54+00,AMD,56.71,
2022-10-19 23:52:53+00,AMZN,114,
2022-10-19 23:52:51+00,TSLA,208.65,
2022-10-19 23:52:47+00,SNAP,10.88,
2022-10-19 23:52:47+00,TSLA,208.65,
2022-10-19 23:52:43+00,TSLA,208.65,
2022-10-19 23:52:42+00,GOOG,99.95,
2022-10-19 23:52:41+00,NFLX,270.47,
2022-10-19 23:52:41+00,MU,52.58,
2022-10-19 23:52:39+00,NFLX,270.5,
2022-10-19 23:52:39+00,AMD,56.74,
2022-10-19 23:52:39+00,TSLA,208.65,
2022-10-19 23:52:39+00,NVDA,118.8,
2022-10-19 23:52:37+00,TSLA,208.62,
2022-10-19 23:52:37+00,AMZN,113.9,
2022-10-19 23:52:36+00,XOM,104.2,
2022-10-19 23:52:36+00,AMD,56.74,
2022-10-19 23:52:32+00,TSLA,208.62,
2022-10-19 23:52:32+00,GOOG,99.95,
2022-10-19 23:52:31+00,NVDA,118.8,
2022-10-19 23:52:31+00,AMZN,113.9,
2022-10-19 23:52:30+00,TSLA,208.65,
2022-10-19 23:52:30+00,IBM,126.5,
2022-10-19 23:52:30+00,NFLX,270.44,
2022-10-19 23:52:30+00,IBM,126.5,
2022-10-19 23:52:30+00,IBM,126.5,
2022-10-19 23:52:29+00,BAC,33.89,
2022-10-19 23:52:29+00,AMZN,113.935,
2022-10-19 23:52:29+00,BAC,33.89,
2022-10-19 23:52:28+00,DIS,98.79,
2022-10-19 23:52:26+00,XOM,104.25,
2022-10-19 23:52:26+00,AMZN,113.9,
2022-10-19 23:52:26+00,TSLA,208.68,
2022-10-19 23:52:26+00,AMD,56.74,
2022-10-19 23:52:24+00,TSLA,208.7,
2022-10-19 23:52:22+00,TSLA,208.685,
2022-10-19 23:52:20+00,NFLX,270.44,
2022-10-19 23:52:19+00,AMZN,113.93,
2022-10-19 23:52:18+00,TSLA,208.3,
2022-10-19 23:52:18+00,INTC,25.91,
2022-10-19 23:52:18+00,NVDA,118.9,
2022-10-19 23:52:16+00,TSLA,208.77,
2022-10-19 23:52:16+00,AAPL,143.065,
2022-10-19 23:52:12+00,TSLA,208.8,
2022-10-19 23:52:11+00,CVS,91.1,
2022-10-19 23:52:11+00,CVS,91.1,
2022-10-19 23:52:11+00,CVS,91.1,
2022-10-19 23:52:11+00,CVS,91.1,
2022-10-19 23:52:08+00,SNAP,10.88,
2022-10-19 23:52:08+00,NFLX,270.53,
2022-10-19 23:52:08+00,AMZN,113.9,
2022-10-19 23:52:07+00,AMZN,113.9,
2022-10-19 23:52:07+00,TSLA,208.74,
2022-10-19 23:52:06+00,AMD,56.74,
2022-10-19 23:52:04+00,T,15.65,
2022-10-19 23:52:04+00,TSLA,208.755,
2022-10-19 23:52:02+00,BA,137.9,
2022-10-19 23:52:02+00,TSLA,208.88,
2022-10-19 23:51:59+00,AAPL,143.02,
2022-10-19 23:51:59+00,NFLX,270.365,
2022-10-19 23:51:58+00,TSLA,208.9,
2022-10-19 23:51:58+00,NVDA,118.88,
2022-10-19 23:51:55+00,TSLA,208.775,
2022-10-19 23:51:54+00,AAPL,143.02,
2022-10-19 23:51:54+00,NFLX,270.35,
2022-10-19 23:51:52+00,NFLX,270.35,
2022-10-19 23:51:51+00,TSLA,208.89,
2022-10-19 23:51:51+00,INTC,25.89,
2022-10-19 23:51:48+00,XOM,104.1,
2022-10-19 23:51:46+00,TSLA,208.875,
2022-10-19 23:51:46+00,BMY,70.56,
2022-10-19 23:51:46+00,BMY,70.56,
2022-10-19 23:51:46+00,BMY,70.56,
2022-10-19 23:51:43+00,TSLA,208.85,
2022-10-19 23:51:43+00,AAPL,142.995,
2022-10-19 23:51:42+00,NVDA,118.88,
2022-10-19 23:51:41+00,TSLA,208.88,
2022-10-19 23:51:40+00,NFLX,270.42,
2022-10-19 23:51:40+00,NFLX,270.42,
2022-10-19 23:51:39+00,AMZN,113.935,
2022-10-19 23:51:37+00,TSLA,208.9003,
2022-10-19 23:51:37+00,SNAP,10.89,
2022-10-19 23:51:33+00,TSLA,208.89,
2022-10-19 23:51:30+00,TSLA,208.935,
2022-10-19 23:51:30+00,AAPL,142.995,
2022-10-19 23:51:29+00,AAPL,143,
2022-10-19 23:51:28+00,TSLA,208.99,
2022-10-19 23:51:27+00,TSLA,208.98,
2022-10-19 23:51:27+00,AMD,56.74,
2022-10-19 23:51:26+00,AAPL,143,
2022-10-19 23:51:26+00,AMZN,113.86,
2022-10-19 23:51:24+00,NFLX,270.42,
2022-10-19 23:51:24+00,TSLA,208.99,
2022-10-19 23:51:24+00,AMD,56.725,
2022-10-19 23:51:23+00,TSLA,208.99,
2022-10-19 23:51:22+00,GOOG,100.01,
2022-10-19 23:51:22+00,MSFT,234.74,
2022-10-19 23:51:22+00,MSFT,234.74,
2022-10-19 23:51:22+00,GOOG,100.01,
2022-10-19 23:51:21+00,AMZN,113.86,
2022-10-19 23:51:19+00,TSLA,209,
2022-10-19 23:51:19+00,AMD,56.74,
2022-10-19 23:51:17+00,AMZN,113.87,
2022-10-19 23:51:16+00,TSLA,208.97,
2022-10-19 23:51:16+00,AMD,56.7,
2022-10-19 23:51:14+00,AMZN,113.87,
2022-10-19 23:51:14+00,PYPL,84.45,
2022-10-19 23:51:14+00,PYPL,84.45,
2022-10-19 23:51:13+00,AMD,56.7,
2022-10-19 23:51:13+00,TSLA,209,
2022-10-19 23:51:13+00,AAPL,143.02,
2022-10-19 23:51:12+00,VZ,36.6,
2022-10-19 23:51:11+00,NFLX,270.355,
2022-10-19 23:51:11+00,NFLX,270.355,
2022-10-19 23:51:10+00,TSLA,209.05,
2022-10-19 23:51:10+00,AMD,56.74,
2022-10-19 23:51:09+00,MO,44.65,
2022-10-19 23:51:08+00,AAPL,143,
2022-10-19 23:51:07+00,AMZN,113.87,
2022-10-19 23:51:06+00,TSLA,209.05,
2022-10-19 23:51:05+00,AAPL,143.01,
2022-10-19 23:51:04+00,AAPL,143.02,
2022-10-19 23:51:04+00,TSLA,209,
2022-10-19 23:51:04+00,AMZN,113.9,
2022-10-19 23:51:03+00,NVDA,118.88,
2022-10-19 23:51:03+00,NVDA,118.88,
2022-10-19 23:51:03+00,NVDA,118.88,
2022-10-19 23:51:02+00,BA,137.82,
2022-10-19 23:51:02+00,AMD,56.71,
2022-10-19 23:51:02+00,WFC,43.58,
2022-10-19 23:51:02+00,WFC,43.58,
2022-10-19 23:51:01+00,AMZN,113.885,
2022-10-19 23:51:00+00,TSLA,209.065,
2022-10-19 23:51:00+00,AAPL,143,
2022-10-19 23:51:00+00,SNAP,10.89,
2022-10-19 23:51:00+00,GOOG,100.04,
2022-10-19 23:51:00+00,SNAP,10.89,
2022-10-19 23:51:00+00,GOOG,100.04,
2022-10-19 23:51:00+00,SNAP,10.89,
2022-10-19 23:50:59+00,AMZN,113.9,
2022-10-19 23:50:59+00,TSLA,209.06,
2022-10-19 23:50:59+00,INTC,25.88,
2022-10-19 23:50:59+00,INTC,25.88,
2022-10-19 23:50:59+00,INTC,25.88,
2022-10-19 23:50:58+00,AAPL,143.02,
2022-10-19 23:50:55+00,INTC,25.89,
2022-10-19 23:50:54+00,TSLA,209.05,
2022-10-19 23:50:54+00,AMD,56.74,
2022-10-19 23:50:54+00,AMD,56.74,
2022-10-19 23:50:53+00,AMZN,113.87,
2022-10-19 23:50:51+00,TSLA,209.05,
2022-10-19 23:50:50+00,MSFT,234.75,
2022-10-19 23:50:50+00,MSFT,234.75,
2022-10-19 23:50:49+00,AMZN,113.9,
2022-10-19 23:50:48+00,TSLA,209.08,
2022-10-19 23:50:45+00,PG,129.54,
2022-10-19 23:50:45+00,PG,129.54,
2022-10-19 23:50:44+00,AAPL,143.03,
2022-10-19 23:50:43+00,TSLA,209.125,
2022-10-19 23:50:42+00,NVDA,118.94,
2022-10-19 23:50:42+00,AMZN,113.87,
2022-10-19 23:50:41+00,XOM,104.21,
2022-10-19 23:50:41+00,TSLA,209.13,
2022-10-19 23:50:41+00,MSFT,234.75,
2022-10-19 23:50:41+00,XOM,104.21,
2022-10-19 23:50:41+00,XOM,104.21,
2022-10-19 23:50:39+00,AAPL,143.03,
2022-10-19 23:50:38+00,CRM,152.05,
2022-10-19 23:50:38+00,INTC,25.875,
2022-10-19 23:50:38+00,CRM,152.05,
2022-10-19 23:50:38+00,CRM,152.05,
2022-10-19 23:50:38+00,CRM,152.05,
2022-10-19 23:50:37+00,TSLA,209.135,
2022-10-19 23:50:35+00,GOOG,100.08,
2022-10-19 23:50:34+00,TSLA,209.2,
2022-10-19 23:50:33+00,GOOG,100.08,
2022-10-19 23:50:32+00,AMZN,113.85,
2022-10-19 23:50:32+00,NVDA,118.88,
2022-10-19 23:50:30+00,AMZN,113.875,
2022-10-19 23:50:29+00,TSLA,209.185,
2022-10-19 23:50:29+00,NVDA,119,
2022-10-19 23:50:27+00,TSLA,209.17,
2022-10-19 23:50:27+00,AMD,56.71,
2022-10-19 23:50:26+00,VZ,36.6,
2022-10-19 23:50:26+00,NVDA,119,
2022-10-19 23:50:24+00,TSLA,209.2,
2022-10-19 23:50:23+00,TSLA,209.18,
2022-10-19 23:50:23+00,AAPL,143.02,
2022-10-19 23:50:21+00,GM,33.58,
2022-10-19 23:50:20+00,NVDA,119.05,
2022-10-19 23:50:19+00,TSLA,209.17,
2022-10-19 23:50:19+00,AMZN,113.87,
2022-10-19 23:50:18+00,NFLX,270.425,
2022-10-19 23:50:16+00,VZ,36.6,
2022-10-19 23:50:15+00,TSLA,209.17,
2022-10-19 23:50:15+00,AMD,56.74,
2022-10-19 23:50:15+00,AMZN,113.87,
2022-10-19 23:50:15+00,GOOG,100.06,
2022-10-19 23:50:15+00,AAPL,143,
2022-10-19 23:50:14+00,NVDA,119.05,
2022-10-19 23:50:11+00,TSLA,209.2,
2022-10-19 23:50:10+00,AMZN,113.91,
2022-10-19 23:50:09+00,NKE,87.83,
2022-10-19 23:50:09+00,NKE,87.83,
2022-10-19 23:50:07+00,TSLA,209.23,
2022-10-19 23:50:05+00,TSLA,209.205,
2022-10-19 23:50:05+00,AMZN,113.9,
2022-10-19 23:50:04+00,NVDA,119.05,
2022-10-19 23:50:02+00,BAC,33.84,
2022-10-19 23:50:02+00,TSLA,209.2,
2022-10-19 23:50:02+00,NVDA,119.0001,
2022-10-19 23:50:01+00,JPM,116.25,
2022-10-19 23:50:01+00,JPM,116.25,
2022-10-19 23:49:59+00,TSLA,209.23,
2022-10-19 23:49:57+00,CAT,183.5,
2022-10-19 23:49:56+00,INTC,25.875,
2022-10-19 23:49:56+00,BMY,70.71,
2022-10-19 23:49:56+00,BMY,70.71,
2022-10-19 23:49:55+00,TSLA,209.23,
2022-10-19 23:49:52+00,T,15.65,
2022-10-19 23:49:52+00,T,15.65,
2022-10-19 23:49:51+00,TSLA,209.25,
2022-10-19 23:49:50+00,SNAP,10.89,
2022-10-19 23:49:50+00,SNAP,10.89,
2022-10-19 23:49:50+00,SNAP,10.89,
2022-10-19 23:49:50+00,SNAP,10.89,
2022-10-19 23:49:49+00,CVS,91.65,
2022-10-19 23:49:48+00,TSLA,209.25,
2022-10-19 23:49:47+00,NVDA,119,
2022-10-19 23:49:45+00,TSLA,209.275,
2022-10-19 23:49:45+00,NVDA,119.01,
2022-10-19 23:49:44+00,NFLX,270.22,
2022-10-19 23:49:41+00,TSLA,209.21,
2022-10-19 23:49:38+00,DIS,98.57,
2022-10-19 23:49:38+00,TSLA,209.25,
2022-10-19 23:49:38+00,DIS,98.57,
2022-10-19 23:49:36+00,AMZN,113.9,
2022-10-19 23:49:35+00,INTC,25.89,
2022-10-19 23:49:33+00,TSLA,209.275,
2022-10-19 23:49:32+00,AMZN,113.91,
2022-10-19 23:49:31+00,WFC,43.5,
2022-10-19 23:49:31+00,WFC,43.5,
2022-10-19 23:49:30+00,TSLA,209.3,
2022-10-19 23:49:28+00,AAPL,142.95,
2022-10-19 23:49:26+00,TSLA,209.28,
2022-10-19 23:49:26+00,TSLA,209.3,
2022-10-19 23:49:26+00,NFLX,270.35,
2022-10-19 23:49:25+00,MU,52.58,
2022-10-19 23:49:25+00,MSFT,234.74,
2022-10-19 23:49:25+00,MU,52.58,
2022-10-19 23:49:25+00,MU,52.58,
2022-10-19 23:49:24+00,TSLA,209.3,
2022-10-19 23:49:22+00,SNAP,10.89,
2022-10-19 23:49:19+00,TSLA,209.3,
2022-10-19 23:49:16+00,T,15.69,
2022-10-19 23:49:16+00,NVDA,119.13,
2022-10-19 23:49:16+00,T,15.69,
2022-10-19 23:49:15+00,TSLA,209.3,
2022-10-19 23:49:15+00,NVDA,119.29,
2022-10-19 23:49:13+00,TSLA,209.35,
2022-10-19 23:49:11+00,MS,77.2,
2022-10-19 23:49:10+00,TSLA,209.31,
2022-10-19 23:49:10+00,AMZN,113.9,
2022-10-19 23:49:09+00,MU,52.58,
2022-10-19 23:49:09+00,NVDA,119.07,
2022-10-19 23:49:09+00,AAPL,143,
2022-10-19 23:49:05+00,AMD,56.72,
2022-10-19 23:49:05+00,TSLA,209.33,
2022-10-19 23:49:03+00,TSLA,209.37,
2022-10-19 23:49:01+00,AAPL,142.96,
2022-10-19 23:49:01+00,NFLX,270.49,
2022-10-19 23:48:59+00,TSLA,209.45,
2022-10-19 23:48:58+00,MSFT,234.7,
2022-10-19 23:48:56+00,TSLA,209.5,
2022-10-19 23:48:55+00,AAPL,143,
2022-10-19 23:48:54+00,AMZN,113.95,
2022-10-19 23:48:52+00,TSLA,209.45,
2022-10-19 23:48:52+00,MU,52.58,
2022-10-19 23:48:52+00,AMD,56.71,
2022-10-19 23:48:49+00,AMZN,113.95,
2022-10-19 23:48:48+00,AAPL,143,
2022-10-19 23:48:47+00,NVDA,119.29,
2022-10-19 23:48:47+00,TSLA,209.67,
2022-10-19 23:48:44+00,AAPL,143.03,
2022-10-19 23:48:43+00,TSLA,209.67,
2022-10-19 23:48:43+00,AMZN,113.95,
2022-10-19 23:48:40+00,TSLA,209.67,
2022-10-19 23:48:37+00,TSLA,209.67,
2022-10-19 23:48:33+00,NVDA,119.29,
2022-10-19 23:48:32+00,TSLA,209.67,
2022-10-19 23:48:29+00,TSLA,209.67,
2022-10-19 23:48:28+00,JPM,116.25,
2022-10-19 23:48:28+00,SQ,53.69,
2022-10-19 23:48:28+00,SQ,53.69,
2022-10-19 23:48:27+00,TSLA,209.6,
2022-10-19 23:48:27+00,AMZN,113.955,
2022-10-19 23:48:26+00,BAC,33.84,
2022-10-19 23:48:26+00,MSFT,235,
2022-10-19 23:48:24+00,TSLA,209.7,
2022-10-19 23:48:23+00,AMZN,113.99,
2022-10-19 23:48:23+00,AMD,56.75,
2022-10-19 23:48:21+00,AAPL,142.96,
2022-10-19 23:48:19+00,AAPL,143.05,
2022-10-19 23:48:19+00,TSLA,209.85,
2022-10-19 23:48:19+00,WFC,43.58,
2022-10-19 23:48:18+00,AMZN,113.96,
2022-10-19 23:48:18+00,AMD,56.76,
2022-10-19 23:48:16+00,TSLA,209.67,
2022-10-19 23:48:14+00,TSLA,209.69,
2022-10-19 23:48:12+00,AMZN,113.93,
2022-10-19 23:48:09+00,TSLA,209.79,
2022-10-19 23:48:06+00,TSLA,209.675,
2022-10-19 23:48:05+00,AMD,56.78,
2022-10-19 23:48:05+00,AAPL,143,
2022-10-19 23:48:03+00,NFLX,270.22,
2022-10-19 23:48:02+00,NVDA,119.29,
2022-10-19 23:48:01+00,C,43,
2022-10-19 23:48:01+00,TSLA,209.9,
2022-10-19 23:48:01+00,GOOG,100.1,
2022-10-19 23:48:01+00,AAPL,143.05,
2022-10-19 23:47:59+00,TSLA,209.65,
2022-10-19 23:47:56+00,AMZN,113.99,
2022-10-19 23:47:55+00,TSLA,209.87,
2022-10-19 23:47:55+00,AMD,56.75,
2022-10-19 23:47:55+00,AAPL,143.005,
2022-10-19 23:47:51+00,SNAP,10.89,
2022-10-19 23:47:51+00,TSLA,209.755,
2022-10-19 23:47:49+00,AMZN,113.99,
2022-10-19 23:47:44+00,AMZN,113.96,
2022-10-19 23:47:43+00,TSLA,209.56,
2022-10-19 23:47:41+00,TSLA,209.67,
2022-10-19 23:47:41+00,AMZN,113.94,
2022-10-19 23:47:40+00,NFLX,270.21,
2022-10-19 23:47:38+00,PFE,43.13,
2022-10-19 23:47:37+00,TSLA,209.69,
2022-10-19 23:47:36+00,NFLX,270.21,
2022-10-19 23:47:32+00,AMZN,113.94,
2022-10-19 23:47:32+00,TSLA,209.6,
2022-10-19 23:47:32+00,AMZN,113.94,
2022-10-19 23:47:31+00,AAPL,143,
2022-10-19 23:47:29+00,TSLA,209.69,
2022-10-19 23:47:27+00,MSFT,235,
2022-10-19 23:47:25+00,TSLA,209.66,
2022-10-19 23:47:25+00,NFLX,270.21,
2022-10-19 23:47:23+00,TSLA,209.75,
2022-10-19 23:47:22+00,SQ,53.69,
2022-10-19 23:47:19+00,TSLA,209.795,
2022-10-19 23:47:18+00,AMZN,113.95,
2022-10-19 23:47:17+00,TSLA,209.8,
2022-10-19 23:47:16+00,AAPL,143.05,
2022-10-19 23:47:14+00,NFLX,270.28,
2022-10-19 23:47:13+00,VZ,36.57,
2022-10-19 23:47:13+00,TSLA,209.8,
2022-10-19 23:47:11+00,AAPL,143.05,
2022-10-19 23:47:10+00,TSLA,209.72,
2022-10-19 23:47:07+00,AMZN,113.97,
2022-10-19 23:47:05+00,TSLA,209.8,
2022-10-19 23:47:02+00,IBM,126.02,
2022-10-19 23:47:02+00,TSLA,209.7,
2022-10-19 23:47:01+00,AMD,56.76,
2022-10-19 23:47:01+00,AMZN,113.99,
2022-10-19 23:47:00+00,AMZN,113.97,
2022-10-19 23:47:00+00,VZ,36.57,
2022-10-19 23:47:00+00,BA,137.9,
2022-10-19 23:46:59+00,AAPL,143.04,
2022-10-19 23:46:58+00,VZ,36.6,
2022-10-19 23:46:58+00,TSLA,209.7,
2022-10-19 23:46:57+00,DIS,98.6,
2022-10-19 23:46:57+00,GOOG,100.1,
2022-10-19 23:46:54+00,TSLA,209.87,
2022-10-19 23:46:51+00,TSLA,209.7,
2022-10-19 23:46:49+00,DIS,98.6,
2022-10-19 23:46:49+00,CRM,152.05,
2022-10-19 23:46:49+00,AMD,56.775,
2022-10-19 23:46:49+00,AAPL,143.005,
2022-10-19 23:46:47+00,TSLA,209.87,
2022-10-19 23:46:46+00,AMZN,113.95,
2022-10-19 23:46:45+00,AMD,56.8,
2022-10-19 23:46:44+00,TSLA,209.87,
2022-10-19 23:46:42+00,NFLX,270.28,
2022-10-19 23:46:39+00,TSLA,209.8,
2022-10-19 23:46:39+00,MSFT,234.6,
2022-10-19 23:46:38+00,T,15.68,
2022-10-19 23:46:37+00,AAPL,143.02,
2022-10-19 23:46:36+00,TSLA,209.86,
2022-10-19 23:46:36+00,AMD,56.8,
2022-10-19 23:46:35+00,AMZN,113.975,
2022-10-19 23:46:34+00,MU,52.58,
2022-10-19 23:46:34+00,AMD,56.76,
2022-10-19 23:46:32+00,TSLA,209.89,
2022-10-19 23:46:29+00,UBER,27.5,
2022-10-19 23:46:29+00,AMD,56.775,
2022-10-19 23:46:28+00,PFE,43.22,
2022-10-19 23:46:24+00,T,15.65,
2022-10-19 23:46:24+00,TSLA,209.9,
2022-10-19 23:46:24+00,AMZN,113.975,
2022-10-19 23:46:23+00,TSLA,209.9,
2022-10-19 23:46:22+00,NFLX,270.28,
2022-10-19 23:46:19+00,TSLA,209.92,
2022-10-19 23:46:17+00,SNAP,10.9,
2022-10-19 23:46:17+00,SNAP,10.9,
2022-10-19 23:46:16+00,AMD,56.79,
2022-10-19 23:46:15+00,TSLA,210.03,
2022-10-19 23:46:12+00,PFE,43.11,
2022-10-19 23:46:12+00,SNAP,10.9,
2022-10-19 23:46:11+00,TSLA,210.045,
2022-10-19 23:46:11+00,AMD,56.8,
2022-10-19 23:46:10+00,AAPL,143.1,
2022-10-19 23:46:10+00,AMZN,114,
2022-10-19 23:46:06+00,TSLA,210.055,
2022-10-19 23:46:04+00,TSLA,210.055,
2022-10-19 23:46:04+00,NFLX,270.2,
2022-10-19 23:46:03+00,MSFT,234.91,
2022-10-19 23:46:02+00,GOOG,100.09,
2022-10-19 23:46:00+00,AMZN,114,
2022-10-19 23:45:59+00,BAC,33.87,
2022-10-19 23:45:59+00,TSLA,210.045,
2022-10-19 23:45:56+00,TSLA,210.05,
2022-10-19 23:45:55+00,NVDA,119.38,
2022-10-19 23:45:53+00,AMD,56.765,
2022-10-19 23:45:52+00,TSLA,210.03,
2022-10-19 23:45:50+00,MSFT,234.59,
2022-10-19 23:45:49+00,TSLA,209.98,
2022-10-19 23:45:49+00,DIS,98.6,
2022-10-19 23:45:46+00,SQ,53.69,
2022-10-19 23:45:43+00,TSLA,209.955,
2022-10-19 23:45:43+00,AMZN,114,
2022-10-19 23:45:43+00,GOOG,100.13,
2022-10-19 23:45:42+00,AMD,56.78,
2022-10-19 23:45:41+00,TSLA,209.96,
2022-10-19 23:45:41+00,NFLX,270.3,
2022-10-19 23:45:40+00,NFLX,270.3,
2022-10-19 23:45:39+00,AAPL,143.065,
2022-10-19 23:45:38+00,TSLA,209.96,
2022-10-19 23:45:38+00,AMD,56.765,
2022-10-19 23:45:36+00,AMZN,113.95,
2022-10-19 23:45:32+00,DIS,98.6,
2022-10-19 23:45:32+00,TSLA,210.02,
2022-10-19 23:45:29+00,AAPL,143.065,
2022-10-19 23:45:28+00,TSLA,210.05,
2022-10-19 23:45:28+00,AMD,56.76,
2022-10-19 23:45:27+00,AMZN,113.95,
2022-10-19 23:45:26+00,TSLA,210.04,
2022-10-19 23:45:25+00,AMD,56.765,
2022-10-19 23:45:25+00,NFLX,270.3,
2022-10-19 23:45:24+00,BAC,33.81,
2022-10-19 23:45:21+00,TSLA,210.01,
2022-10-19 23:45:19+00,AMZN,114,
2022-10-19 23:45:18+00,TSLA,210,
2022-10-19 23:45:14+00,TSLA,210.04,
2022-10-19 23:45:12+00,NFLX,270.35,
2022-10-19 23:45:12+00,NFLX,270.35,
2022-10-19 23:45:09+00,TSLA,210.05,
2022-10-19 23:45:08+00,TSLA,210.07,
2022-10-19 23:45:08+00,AMD,56.765,
2022-10-19 23:45:07+00,AMZN,114,
2022-10-19 23:45:05+00,AAPL,143.08,
2022-10-19 23:45:04+00,TSLA,210.05,
2022-10-19 23:45:04+00,AMZN,114,
2022-10-19 23:45:02+00,TSLA,210.05,
2022-10-19 23:45:01+00,AMD,56.765,
2022-10-19 23:44:58+00,NVDA,119.34,
2022-10-19 23:44:57+00,PG,129.5,
2022-10-19 23:44:57+00,TSLA,210.1,
2022-10-19 23:44:57+00,AMZN,113.975,
2022-10-19 23:44:56+00,NFLX,270.35,
2022-10-19 23:44:54+00,T,15.68,
2022-10-19 23:44:54+00,AMD,56.765,
2022-10-19 23:44:51+00,CSCO,41.66,
2022-10-19 23:44:51+00,CSCO,41.66,
2022-10-19 23:44:51+00,CSCO,41.66,
2022-10-19 23:44:50+00,AAPL,143.05,
2022-10-19 23:44:49+00,AMZN,114,
2022-10-19 23:44:48+00,TSLA,210.05,
2022-10-19 23:44:47+00,NFLX,270.425,
2022-10-19 23:44:46+00,AAPL,143.1,
2022-10-19 23:44:45+00,MSFT,234.91,
2022-10-19 23:44:43+00,AMZN,114,
2022-10-19 23:44:40+00,TSLA,210.115,
2022-10-19 23:44:38+00,AAPL,143.07,
2022-10-19 23:44:33+00,TSLA,210.1,
2022-10-19 23:44:32+00,KO,55.96,
2022-10-19 23:44:31+00,AAPL,143.1,
2022-10-19 23:44:28+00,AMD,56.765,
2022-10-19 23:44:26+00,AMZN,114,
2022-10-19 23:44:25+00,TSLA,210.125,
2022-10-19 23:44:23+00,TSLA,210.125,
2022-10-19 23:44:22+00,AAPL,142.97,
2022-10-19 23:44:16+00,TSLA,210.15,
2022-10-19 23:44:12+00,AMD,56.765,
2022-10-19 23:44:09+00,AAPL,143,
2022-10-19 23:44:08+00,TSLA,210.11,
2022-10-19 23:44:07+00,CRM,152.03,
2022-10-19 23:44:03+00,IBM,126.5,
2022-10-19 23:44:00+00,JPM,116.25,
2022-10-19 23:44:00+00,NFLX,270.4,
2022-10-19 23:44:00+00,BA,137.76,
2022-10-19 23:43:59+00,TSLA,210.13,
2022-10-19 23:43:58+00,SNAP,10.88,
2022-10-19 23:43:58+00,AAPL,142.95,
2022-10-19 23:43:58+00,SNAP,10.88,
2022-10-19 23:43:55+00,BAC,33.81,
2022-10-19 23:43:52+00,BAC,33.81,
2022-10-19 23:43:52+00,NVDA,119.3,
2022-10-19 23:43:51+00,PG,129.55,
2022-10-19 23:43:51+00,TSLA,210.19,
2022-10-19 23:43:51+00,NFLX,270.325,
2022-10-19 23:43:50+00,MSFT,234.59,
2022-10-19 23:43:48+00,AMZN,114.05,
2022-10-19 23:43:46+00,NFLX,270.29,
2022-10-19 23:43:46+00,INTC,25.91,
2022-10-19 23:43:46+00,AAPL,143.005,
2022-10-19 23:43:42+00,GM,33.58,
2022-10-19 23:43:42+00,NVDA,119.3,
2022-10-19 23:43:42+00,AAPL,143.015,
2022-10-19 23:43:41+00,TSLA,210.17,
2022-10-19 23:43:36+00,AAPL,143.015,
2022-10-19 23:43:33+00,AMZN,114.025,
2022-10-19 23:43:31+00,TSLA,210.18,
2022-10-19 23:43:30+00,AMD,56.755,
2022-10-19 23:43:29+00,TSLA,210.18,
2022-10-19 23:43:28+00,NVDA,119,
2022-10-19 23:43:27+00,AAPL,143.08,
2022-10-19 23:43:25+00,TSLA,210.195,
2022-10-19 23:43:23+00,TSLA,210.195,
2022-10-19 23:43:22+00,NFLX,270.22,
2022-10-19 23:43:22+00,NVDA,119.19,
2022-10-19 23:43:18+00,DIS,98.6,
2022-10-19 23:43:16+00,NVDA,119,
2022-10-19 23:43:15+00,AAPL,143.015,
2022-10-19 23:43:15+00,WFC,43.58,
2022-10-19 23:43:12+00,INTC,25.91,
2022-10-19 23:43:11+00,AMZN,114,
2022-10-19 23:43:11+00,TSLA,210.2,
2022-10-19 23:43:09+00,AMD,56.76,
2022-10-19 23:43:08+00,NFLX,270.34,
2022-10-19 23:43:06+00,TSLA,210.15,
2022-10-19 23:43:05+00,MSFT,234.59,
2022-10-19 23:43:03+00,DIS,98.6,
2022-10-19 23:43:03+00,BA,137.76,
2022-10-19 23:43:03+00,AMZN,113.92,
2022-10-19 23:43:03+00,AMD,56.76,
2022-10-19 23:43:03+00,DIS,98.6,
2022-10-19 23:43:03+00,BA,137.76,
2022-10-19 23:43:03+00,BA,137.76,
2022-10-19 23:43:03+00,BA,137.76,
2022-10-19 23:43:00+00,TSLA,210.2,
2022-10-19 23:42:57+00,NVDA,119,
2022-10-19 23:42:52+00,AMD,56.755,
2022-10-19 23:42:52+00,NFLX,270.26,
2022-10-19 23:42:51+00,NVDA,119.2,
2022-10-19 23:42:50+00,TSLA,210.19,
2022-10-19 23:42:50+00,GOOG,100.03,
2022-10-19 23:42:49+00,INTC,25.91,
2022-10-19 23:42:44+00,TSLA,210.2,
2022-10-19 23:42:44+00,MSFT,234.59,
2022-10-19 23:42:43+00,AAPL,143.025,
2022-10-19 23:42:39+00,T,15.7,
2022-10-19 23:42:39+00,T,15.7,
2022-10-19 23:42:39+00,T,15.7,
2022-10-19 23:42:36+00,AMZN,114.08,
2022-10-19 23:42:35+00,TSLA,210.16,
2022-10-19 23:42:34+00,V,186,
2022-10-19 23:42:32+00,MO,44.65,
2022-10-19 23:42:32+00,AAPL,143.03,
2022-10-19 23:42:27+00,DIS,98.54,
2022-10-19 23:42:26+00,TSLA,210.19,
2022-10-19 23:42:26+00,NFLX,270.275,
2022-10-19 23:42:25+00,SNAP,10.85,
2022-10-19 23:42:22+00,SQ,53.69,
2022-10-19 23:42:22+00,AMD,56.755,
2022-10-19 23:42:22+00,SQ,53.69,
2022-10-19 23:42:21+00,PFE,43.15,
2022-10-19 23:42:21+00,KO,55.95,
2022-10-19 23:42:18+00,AAPL,143.025,
2022-10-19 23:42:16+00,TSLA,210.09,
2022-10-19 23:42:14+00,NVDA,119.2,
2022-10-19 23:42:13+00,NFLX,270.21,
2022-10-19 23:42:11+00,MS,77.25,
2022-10-19 23:42:09+00,VZ,36.57,
2022-10-19 23:42:09+00,IBM,126.5,
2022-10-19 23:42:09+00,NVDA,119.2,
2022-10-19 23:42:07+00,TSLA,210.06,
2022-10-19 23:42:05+00,BAC,33.85,
2022-10-19 23:42:05+00,AAPL,142.965,
2022-10-19 23:42:04+00,NFLX,270.28,
2022-10-19 23:42:01+00,BA,137.76,
2022-10-19 23:42:00+00,VZ,36.6,
2022-10-19 23:41:57+00,TSLA,210.05,
2022-10-19 23:41:55+00,AAPL,142.99,
2022-10-19 23:41:53+00,AMZN,114,
2022-10-19 23:41:53+00,MRK,93,
2022-10-19 23:41:53+00,MRK,93,
2022-10-19 23:41:53+00,MRK,93,
2022-10-19 23:41:53+00,MRK,93,
2022-10-19 23:41:52+00,VZ,36.57,
2022-10-19 23:41:51+00,TSLA,210.075,
2022-10-19 23:41:48+00,WFC,43.5,
2022-10-19 23:41:48+00,AMZN,114.08,
2022-10-19 23:41:48+00,WFC,43.5,
2022-10-19 23:41:47+00,AMZN,114.04,
2022-10-19 23:41:47+00,TSLA,210.075,
2022-10-19 23:41:45+00,TSLA,210.07,
2022-10-19 23:41:43+00,VZ,36.57,
2022-10-19 23:41:43+00,AMZN,114.08,
2022-10-19 23:41:41+00,AMD,56.75,
2022-10-19 23:41:38+00,TSLA,210.14,
2022-10-19 23:41:37+00,SNAP,10.86,
2022-10-19 23:41:33+00,AMZN,114.05,
2022-10-19 23:41:32+00,VZ,36.58,
2022-10-19 23:41:31+00,TSLA,210.1,
2022-10-19 23:41:29+00,BA,137.76,
2022-10-19 23:41:27+00,NVDA,119.2,
2022-10-19 23:41:27+00,NVDA,119.2,
2022-10-19 23:41:23+00,TSLA,210.13,
2022-10-19 23:41:21+00,NFLX,270.21,
2022-10-19 23:41:21+00,NFLX,270.21,
2022-10-19 23:41:17+00,GOOG,100.15,
2022-10-19 23:41:17+00,MSFT,234.82,
2022-10-19 23:41:17+00,MSFT,234.82,
2022-10-19 23:41:17+00,GOOG,100.15,
2022-10-19 23:41:14+00,VZ,36.58,
2022-10-19 23:41:14+00,AAPL,142.91,
2022-10-19 23:41:14+00,NVDA,119.21,
2022-10-19 23:41:14+00,AAPL,142.91,
2022-10-19 23:41:13+00,TSLA,210.1,
2022-10-19 23:41:09+00,AMZN,114.07,
2022-10-19 23:41:09+00,AMZN,114.07,
2022-10-19 23:41:08+00,TSLA,210.11,
2022-10-19 23:41:07+00,UBER,27.43,
2022-10-19 23:41:06+00,VZ,36.58,
2022-10-19 23:41:06+00,AMD,56.72,
2022-10-19 23:41:06+00,AMD,56.72,
2022-10-19 23:40:58+00,AAPL,142.99,
2022-10-19 23:40:58+00,NVDA,119.25,
2022-10-19 23:40:58+00,TSLA,210.15,
2022-10-19 23:40:58+00,NVDA,119.25,
2022-10-19 23:40:57+00,VZ,36.58,
2022-10-19 23:40:56+00,AMZN,114.07,
2022-10-19 23:40:55+00,AMD,56.76,
2022-10-19 23:40:54+00,TSLA,210.12,
2022-10-19 23:40:49+00,PG,129.55,
2022-10-19 23:40:46+00,TSLA,210.15,
2022-10-19 23:40:46+00,AAPL,142.99,
2022-10-19 23:40:45+00,AAPL,142.955,
2022-10-19 23:40:45+00,NVDA,119.2,
2022-10-19 23:40:45+00,ZM,75.5,
2022-10-19 23:40:45+00,ZM,75.5,
2022-10-19 23:40:45+00,ZM,75.5,
2022-10-19 23:40:45+00,ZM,75.5,
2022-10-19 23:40:45+00,ZM,75.5,
2022-10-19 23:40:42+00,TSLA,210.15,
2022-10-19 23:40:42+00,AMD,56.76,
2022-10-19 23:40:41+00,AMZN,114.07,
2022-10-19 23:40:41+00,AMZN,114.07,
2022-10-19 23:40:38+00,MU,52.58,
2022-10-19 23:40:38+00,T,15.65,
2022-10-19 23:40:38+00,MU,52.58,
2022-10-19 23:40:38+00,MU,52.58,
2022-10-19 23:40:35+00,NFLX,270.21,
2022-10-19 23:40:35+00,NFLX,270.21,
2022-10-19 23:40:33+00,IBM,126.35,
2022-10-19 23:40:33+00,AAPL,142.955,
2022-10-19 23:40:33+00,TSLA,210.15,
2022-10-19 23:40:32+00,PFE,43.14,
2022-10-19 23:40:32+00,NVDA,119.245,
2022-10-19 23:40:32+00,PFE,43.14,
2022-10-19 23:40:30+00,HD,274.76,
2022-10-19 23:40:30+00,HD,274.76,
2022-10-19 23:40:28+00,T,15.7,
2022-10-19 23:40:26+00,PG,129.55,
2022-10-19 23:40:26+00,AMZN,114.03,
2022-10-19 23:40:25+00,NFLX,270.28,
2022-10-19 23:40:25+00,TSLA,210.19,
2022-10-19 23:40:22+00,IBM,126.35,
2022-10-19 23:40:22+00,AMD,56.78,
2022-10-19 23:40:22+00,NVDA,119.245,
2022-10-19 23:40:18+00,AMZN,114.03,
2022-10-19 23:40:17+00,TSLA,210.06,
2022-10-19 23:40:13+00,AAPL,142.99,
2022-10-19 23:40:11+00,AAPL,142.955,
2022-10-19 23:40:10+00,AMZN,114,
2022-10-19 23:40:10+00,SNAP,10.9,
2022-10-19 23:40:10+00,SNAP,10.9,
2022-10-19 23:40:09+00,TSLA,210.1,
2022-10-19 23:40:09+00,AMD,56.74,
2022-10-19 23:40:08+00,NVDA,119.245,
2022-10-19 23:40:06+00,IBM,126.35,
2022-10-19 23:40:03+00,TSLA,210.05,
2022-10-19 23:40:01+00,NVDA,119.245,
2022-10-19 23:39:57+00,NFLX,270.355,
2022-10-19 23:39:57+00,AAPL,142.91,
2022-10-19 23:39:56+00,TSLA,210.03,
2022-10-19 23:39:55+00,INTC,25.96,
2022-10-19 23:39:55+00,INTC,25.96,
2022-10-19 23:39:55+00,INTC,25.96,
2022-10-19 23:39:54+00,AMZN,114.035,
2022-10-19 23:39:52+00,NVDA,119.245,
2022-10-19 23:39:50+00,AAPL,142.955,
2022-10-19 23:39:46+00,SNAP,10.89,
2022-10-19 23:39:46+00,AAPL,142.91,
2022-10-19 23:39:46+00,AMD,56.78,
2022-10-19 23:39:46+00,TSLA,210.025,
2022-10-19 23:39:44+00,AMZN,114.035,
2022-10-19 23:39:44+00,TSLA,210.035,
2022-10-19 23:39:43+00,NVDA,119.245,
2022-10-19 23:39:41+00,GOOG,100.03,
2022-10-19 23:39:41+00,GOOG,100.03,
2022-10-19 23:39:39+00,AMD,56.78,
2022-10-19 23:39:39+00,TSLA,210.055,
2022-10-19 23:39:37+00,AAPL,142.98,
2022-10-19 23:39:36+00,JPM,116.25,
2022-10-19 23:39:34+00,SNAP,10.88,
2022-10-19 23:39:34+00,NVDA,119.245,
2022-10-19 23:39:34+00,INTC,25.96,
2022-10-19 23:39:33+00,AMZN,114.035,
2022-10-19 23:39:30+00,NFLX,270.5,
2022-10-19 23:39:29+00,TSLA,210.01,
2022-10-19 23:39:28+00,TSLA,210.055,
2022-10-19 23:39:26+00,NVDA,119.245,
2022-10-19 23:39:25+00,AMZN,114,
2022-10-19 23:39:23+00,SNAP,10.89,
2022-10-19 23:39:21+00,NFLX,270.5,
2022-10-19 23:39:21+00,TSLA,210.08,
2022-10-19 23:39:21+00,NVDA,119.25,
2022-10-19 23:39:21+00,AAPL,143,
2022-10-19 23:39:20+00,AMZN,114.04,
2022-10-19 23:39:17+00,AAPL,142.955,
2022-10-19 23:39:14+00,NFLX,270.5,
2022-10-19 23:39:14+00,TSLA,210.08,
2022-10-19 23:39:09+00,AMZN,114.04,
2022-10-19 23:39:08+00,NVDA,119.25,
2022-10-19 23:39:06+00,AMZN,114.04,
2022-10-19 23:39:05+00,TSLA,210.055,
2022-10-19 23:38:59+00,AMD,56.78,
2022-10-19 23:38:58+00,NVDA,119.25,
2022-10-19 23:38:56+00,TSLA,210.2,
2022-10-19 23:38:51+00,AAPL,143,
2022-10-19 23:38:50+00,TSLA,210,
2022-10-19 23:38:50+00,NVDA,119.25,
2022-10-19 23:38:47+00,AMD,56.74,
2022-10-19 23:38:47+00,AMZN,114.04,
2022-10-19 23:38:46+00,TSLA,210.08,
2022-10-19 23:38:45+00,TSLA,210.08,
2022-10-19 23:38:42+00,NVDA,119.25,
2022-10-19 23:38:39+00,TSLA,210.1,
2022-10-19 23:38:39+00,AMZN,114.08,
2022-10-19 23:38:37+00,DIS,98.54,
2022-10-19 23:38:37+00,AAPL,142.955,
2022-10-19 23:38:34+00,NVDA,119.25,
2022-10-19 23:38:30+00,TSLA,210.085,
2022-10-19 23:38:28+00,AAPL,142.955,
2022-10-19 23:38:25+00,NVDA,119.25,
2022-10-19 23:38:24+00,TSLA,210.08,
2022-10-19 23:38:24+00,GOOG,100.12,
2022-10-19 23:38:22+00,AMD,56.72,
2022-10-19 23:38:20+00,MRK,93.01,
2022-10-19 23:38:17+00,NVDA,119.25,
2022-10-19 23:38:16+00,BA,137.76,
2022-10-19 23:38:16+00,NFLX,270.4,
2022-10-19 23:38:14+00,MU,52.57,
2022-10-19 23:38:14+00,TSLA,210.08,
2022-10-19 23:38:12+00,AAPL,142.955,
2022-10-19 23:38:12+00,AMZN,114.04,
2022-10-19 23:38:07+00,AMZN,114.08,
2022-10-19 23:38:06+00,TSLA,210.11,
2022-10-19 23:38:05+00,IBM,126.35,
2022-10-19 23:38:03+00,IBM,126.35,
2022-10-19 23:38:02+00,NVDA,119.25,
2022-10-19 23:38:01+00,TSLA,210.1,
2022-10-19 23:37:59+00,DIS,98.65,
2022-10-19 23:37:59+00,NFLX,270.355,
2022-10-19 23:37:57+00,INTC,25.85,
2022-10-19 23:37:54+00,NVDA,119.245,
2022-10-19 23:37:53+00,TSLA,210.125,
2022-10-19 23:37:51+00,IBM,126.35,
2022-10-19 23:37:50+00,DIS,98.65,
2022-10-19 23:37:49+00,AMD,56.73,
2022-10-19 23:37:46+00,NVDA,119.25,
2022-10-19 23:37:46+00,MRK,93.3,
2022-10-19 23:37:45+00,TSLA,210.15,
2022-10-19 23:37:43+00,TSLA,210.12,
2022-10-19 23:37:42+00,DIS,98.65,
2022-10-19 23:37:40+00,PFE,43.11,
2022-10-19 23:37:40+00,PFE,43.11,
2022-10-19 23:37:39+00,AAPL,142.955,
2022-10-19 23:37:35+00,NVDA,119.25,
2022-10-19 23:37:33+00,TSLA,210.1,
2022-10-19 23:37:32+00,MSFT,234.7,
2022-10-19 23:37:32+00,MSFT,234.7,
2022-10-19 23:37:30+00,NFLX,270.21,
2022-10-19 23:37:29+00,AMZN,114,
2022-10-19 23:37:28+00,INTC,25.88,
2022-10-19 23:37:26+00,TSLA,210.175,
2022-10-19 23:37:25+00,NVDA,119.25,
2022-10-19 23:37:21+00,NKE,88.56,
2022-10-19 23:37:21+00,MSFT,234.7,
2022-10-19 23:37:19+00,TSLA,210.25,
2022-10-19 23:37:19+00,AAPL,142.955,
2022-10-19 23:37:18+00,AMZN,113.92,
2022-10-19 23:37:17+00,MSFT,234.7,
2022-10-19 23:37:16+00,SQ,53.69,
2022-10-19 23:37:16+00,DIS,98.65,
2022-10-19 23:37:15+00,AMD,56.725,
2022-10-19 23:37:15+00,AAPL,142.91,
2022-10-19 23:37:13+00,AMD,56.74,
2022-10-19 23:37:10+00,AMZN,114,
2022-10-19 23:37:09+00,MMM,114.2,
2022-10-19 23:37:09+00,MMM,114.2,
2022-10-19 23:37:09+00,MMM,114.2,
2022-10-19 23:37:09+00,MMM,114.2,
2022-10-19 23:37:09+00,MMM,114.2,
2022-10-19 23:37:08+00,NKE,88.56,
2022-10-19 23:37:08+00,TSLA,210.225,
2022-10-19 23:37:07+00,SQ,53.61,
2022-10-19 23:37:05+00,NVDA,119.25,
2022-10-19 23:37:04+00,INTC,25.88,
2022-10-19 23:37:01+00,AAPL,143,
2022-10-19 23:37:01+00,TSLA,210.18,
2022-10-19 23:37:01+00,AMZN,114,
2022-10-19 23:36:59+00,NFLX,270.355,
2022-10-19 23:36:59+00,TSLA,210.12,
2022-10-19 23:36:57+00,AMD,56.725,
2022-10-19 23:36:50+00,TSLA,210.05,
2022-10-19 23:36:50+00,INTC,25.89,
2022-10-19 23:36:50+00,INTC,25.89,
2022-10-19 23:36:49+00,NKE,88.56,
2022-10-19 23:36:48+00,AAPL,143,
2022-10-19 23:36:47+00,AMD,56.74,
2022-10-19 23:36:46+00,NFLX,270.355,
2022-10-19 23:36:46+00,AMZN,114,
2022-10-19 23:36:45+00,NFLX,270.21,
2022-10-19 23:36:45+00,TSLA,210.1,
2022-10-19 23:36:45+00,MSFT,234.57,
2022-10-19 23:36:44+00,TSLA,210.06,
2022-10-19 23:36:44+00,NFLX,270.4,
2022-10-19 23:36:42+00,AMZN,114.08,
2022-10-19 23:36:41+00,AMD,56.74,
2022-10-19 23:36:40+00,NKE,88.56,
2022-10-19 23:36:40+00,NVDA,119.25,
2022-10-19 23:36:39+00,AAPL,143,
2022-10-19 23:36:38+00,AMD,56.725,
2022-10-19 23:36:36+00,TSLA,210.085,
2022-10-19 23:36:35+00,AMZN,114,
2022-10-19 23:36:34+00,TSLA,210.09,
2022-10-19 23:36:31+00,MSFT,234.7,
2022-10-19 23:36:30+00,MS,77.2,
2022-10-19 23:36:30+00,AMD,56.745,
2022-10-19 23:36:29+00,NFLX,270.5,
2022-10-19 23:36:27+00,TSLA,210.15,
2022-10-19 23:36:26+00,AMZN,114,
2022-10-19 23:36:25+00,AAPL,142.955,
2022-10-19 23:36:25+00,PFE,43.15,
2022-10-19 23:36:25+00,TSLA,210.15,
2022-10-19 23:36:23+00,TSLA,210.09,
2022-10-19 23:36:23+00,AMZN,113.93,
2022-10-19 23:36:19+00,AAPL,142.955,
2022-10-19 23:36:18+00,AMD,56.75,
2022-10-19 23:36:17+00,SNAP,10.88,
2022-10-19 23:36:17+00,SNAP,10.88,
2022-10-19 23:36:16+00,TSLA,210.1,
2022-10-19 23:36:12+00,NFLX,270.455,
2022-10-19 23:36:11+00,AMD,56.76,
2022-10-19 23:36:09+00,TSLA,210.15,
2022-10-19 23:36:09+00,AMAT,76.55,
2022-10-19 23:36:09+00,AMAT,76.55,
2022-10-19 23:36:09+00,AMAT,76.55,
2022-10-19 23:36:09+00,AMAT,76.55,
2022-10-19 23:36:09+00,AMAT,76.55,
2022-10-19 23:36:08+00,AMZN,114.005,
2022-10-19 23:36:08+00,INTC,25.9,
2022-10-19 23:36:01+00,NKE,88.56,
2022-10-19 23:36:01+00,TSLA,210.18,
2022-10-19 23:36:00+00,DIS,98.54,
2022-10-19 23:36:00+00,AMZN,114.005,
2022-10-19 23:36:00+00,CVX,168.8,
2022-10-19 23:35:58+00,KO,55.96,
2022-10-19 23:35:58+00,NFLX,270.455,
2022-10-19 23:35:54+00,TSLA,210.24,
2022-10-19 23:35:53+00,AMZN,113.99,
2022-10-19 23:35:52+00,NKE,88.56,
2022-10-19 23:35:52+00,ZM,75.5,
2022-10-19 23:35:49+00,BAC,33.85,
2022-10-19 23:35:49+00,BAC,33.85,
2022-10-19 23:35:49+00,BAC,33.85,
2022-10-19 23:35:47+00,TSLA,210.2,
2022-10-19 23:35:46+00,XOM,104.32,
2022-10-19 23:35:43+00,AMZN,114.01,
2022-10-19 23:35:43+00,PG,129.55,
2022-10-19 23:35:38+00,TSLA,210.23,
2022-10-19 23:35:38+00,AAPL,142.97,
2022-10-19 23:35:36+00,AMZN,114.08,
2022-10-19 23:35:32+00,NFLX,270.25,
2022-10-19 23:35:30+00,GE,70.31,
2022-10-19 23:35:30+00,GE,70.31,
2022-10-19 23:35:29+00,TSLA,210.2,
2022-10-19 23:35:26+00,TSLA,210.23,
2022-10-19 23:35:25+00,AMZN,113.95,
2022-10-19 23:35:24+00,NFLX,270.5,
2022-10-19 23:35:24+00,UBER,27.35,
2022-10-19 23:35:23+00,INTC,25.9,
2022-10-19 23:35:20+00,TSLA,210.2,
2022-10-19 23:35:18+00,AMD,56.74,
2022-10-19 23:35:17+00,AMZN,114,
2022-10-19 23:35:16+00,V,186.37,
2022-10-19 23:35:15+00,NFLX,270.445,
2022-10-19 23:35:12+00,INTC,25.9,
2022-10-19 23:35:11+00,NVDA,119.25,
2022-10-19 23:35:11+00,AMZN,114.01,
2022-10-19 23:35:11+00,T,15.71,
2022-10-19 23:35:11+00,T,15.71,
2022-10-19 23:35:11+00,T,15.71,
2022-10-19 23:35:08+00,TSLA,210.23,
2022-10-19 23:35:08+00,SQ,53.56,
2022-10-19 23:35:07+00,AAPL,142.99,
2022-10-19 23:35:05+00,AMZN,113.985,
2022-10-19 23:35:05+00,NFLX,270.445,
2022-10-19 23:35:04+00,NFLX,270.5,
2022-10-19 23:35:04+00,ZM,77,
2022-10-19 23:35:03+00,NVDA,119.2,
2022-10-19 23:35:02+00,TSLA,210.26,
2022-10-19 23:35:01+00,BMY,71.32,
2022-10-19 23:35:01+00,BMY,71.32,
2022-10-19 23:35:01+00,BMY,71.32,
2022-10-19 23:35:00+00,AAPL,142.99,
2022-10-19 23:35:00+00,V,186.37,
2022-10-19 23:34:59+00,SNAP,10.88,
2022-10-19 23:34:56+00,QCOM,111.8,
2022-10-19 23:34:56+00,QCOM,111.8,
2022-10-19 23:34:56+00,QCOM,111.8,
2022-10-19 23:34:56+00,QCOM,111.8,
2022-10-19 23:34:56+00,QCOM,111.8,
2022-10-19 23:34:55+00,TSLA,210.25,
2022-10-19 23:34:54+00,NFLX,270.5,
2022-10-19 23:34:49+00,AMZN,114.025,
2022-10-19 23:34:46+00,TSLA,210.29,
2022-10-19 23:34:42+00,AAPL,142.95,
2022-10-19 23:34:40+00,AAPL,142.99,
2022-10-19 23:34:39+00,NFLX,270.445,
2022-10-19 23:34:39+00,INTC,25.93,
2022-10-19 23:34:37+00,TSLA,210.275,
2022-10-19 23:34:35+00,AMD,56.76,
2022-10-19 23:34:35+00,AMZN,114.05,
2022-10-19 23:34:35+00,V,186.37,
2022-10-19 23:34:31+00,AAPL,142.945,
2022-10-19 23:34:29+00,TSLA,210.28,
2022-10-19 23:34:28+00,NVDA,119.3,
2022-10-19 23:34:28+00,INTC,25.93,
2022-10-19 23:34:28+00,AMAT,77.17,
2022-10-19 23:34:27+00,QCOM,112.19,
2022-10-19 23:34:23+00,XOM,104.29,
2022-10-19 23:34:22+00,AAPL,143,
2022-10-19 23:34:22+00,TSLA,210.28,
2022-10-19 23:34:22+00,AMZN,114.05,
2022-10-19 23:34:16+00,NKE,88.56,
2022-10-19 23:34:13+00,SNAP,10.89,
2022-10-19 23:34:13+00,TSLA,210.25,
2022-10-19 23:34:13+00,AAPL,142.98,
2022-10-19 23:34:13+00,SNAP,10.89,
2022-10-19 23:34:13+00,SNAP,10.89,
2022-10-19 23:34:11+00,AMZN,114.05,
2022-10-19 23:34:10+00,BA,137.75,
2022-10-19 23:34:08+00,SNAP,10.89,
2022-10-19 23:34:06+00,JNJ,164.69,
2022-10-19 23:34:03+00,GOOG,100.225,
2022-10-19 23:34:03+00,AMD,56.77,
2022-10-19 23:34:03+00,AAPL,142.95,
2022-10-19 23:34:02+00,TSLA,210.275,
2022-10-19 23:34:01+00,SNAP,10.89,
2022-10-19 23:34:01+00,AAPL,142.9982,
2022-10-19 23:34:01+00,AMZN,114.05,
2022-10-19 23:34:01+00,NFLX,270.5,
2022-10-19 23:34:00+00,MU,52.58,
2022-10-19 23:33:57+00,TSLA,210.3,
2022-10-19 23:33:56+00,NKE,88.3,
2022-10-19 23:33:54+00,GOOG,100.24,
2022-10-19 23:33:54+00,V,186.37,
2022-10-19 23:33:52+00,AAPL,142.9,
2022-10-19 23:33:51+00,SNAP,10.88,
2022-10-19 23:33:51+00,BA,137.9,
2022-10-19 23:33:49+00,TSLA,210.25,
2022-10-19 23:33:48+00,PYPL,84.3,
2022-10-19 23:33:48+00,PYPL,84.3,
2022-10-19 23:33:48+00,PYPL,84.3,
2022-10-19 23:33:48+00,PYPL,84.3,
2022-10-19 23:33:47+00,NKE,88.56,
2022-10-19 23:33:46+00,PG,129.55,
2022-10-19 23:33:46+00,NFLX,270.5,
2022-10-19 23:33:46+00,AAPL,143.025,
2022-10-19 23:33:41+00,IBM,126.79,
2022-10-19 23:33:41+00,TSLA,210.28,
2022-10-19 23:33:41+00,IBM,126.79,
2022-10-19 23:33:41+00,IBM,126.79,
2022-10-19 23:33:39+00,AMD,56.74,
2022-10-19 23:33:37+00,AMZN,114.05,
2022-10-19 23:33:37+00,GOOG,100.205,
2022-10-19 23:33:33+00,V,186.37,
2022-10-19 23:33:31+00,VZ,36.58,
2022-10-19 23:33:30+00,AMD,56.76,
2022-10-19 23:33:28+00,AAPL,143,
2022-10-19 23:33:28+00,TSLA,210.3,
2022-10-19 23:33:26+00,NKE,88.56,
2022-10-19 23:33:26+00,TSLA,210.3,
2022-10-19 23:33:26+00,MSFT,234.75,
2022-10-19 23:33:23+00,QCOM,111.88,
2022-10-19 23:33:22+00,AMZN,114.03,
2022-10-19 23:33:21+00,AAPL,143,
2022-10-19 23:33:20+00,TSLA,210.3,
2022-10-19 23:33:20+00,AMZN,114.05,
2022-10-19 23:33:15+00,NKE,88.56,
2022-10-19 23:33:13+00,AMZN,114.05,
2022-10-19 23:33:13+00,AMD,56.78,
2022-10-19 23:33:11+00,TSLA,210.365,
2022-10-19 23:33:10+00,NKE,88.56,
2022-10-19 23:33:10+00,INTC,25.93,
2022-10-19 23:33:06+00,AAPL,143,
2022-10-19 23:33:05+00,PG,129.38,
2022-10-19 23:33:05+00,TSLA,210.39,
2022-10-19 23:33:04+00,AMD,56.74,
2022-10-19 23:32:58+00,TSLA,210.34,
2022-10-19 23:32:54+00,NVDA,119.27,
2022-10-19 23:32:53+00,AAPL,143.01,
2022-10-19 23:32:52+00,SQ,53.74,
2022-10-19 23:32:52+00,CVX,168.84,
2022-10-19 23:32:51+00,NKE,88.56,
2022-10-19 23:32:50+00,AAPL,143.01,
2022-10-19 23:32:48+00,AMZN,114.05,
2022-10-19 23:32:46+00,VZ,36.58,
2022-10-19 23:32:43+00,NKE,88.56,
2022-10-19 23:32:43+00,V,186.34,
2022-10-19 23:32:42+00,AMZN,114.025,
2022-10-19 23:32:42+00,NVDA,119.28,
2022-10-19 23:32:42+00,TSLA,210.32,
2022-10-19 23:32:40+00,TSLA,210.35,
2022-10-19 23:32:37+00,NVDA,119.28,
2022-10-19 23:32:32+00,TSLA,210.29,
2022-10-19 23:32:29+00,NVDA,119.28,
2022-10-19 23:32:28+00,MMM,113.77,
2022-10-19 23:32:28+00,MMM,113.77,
2022-10-19 23:32:27+00,TSLA,210.29,
2022-10-19 23:32:27+00,NFLX,270.54,
2022-10-19 23:32:27+00,INTC,25.96,
2022-10-19 23:32:23+00,XOM,104.29,
2022-10-19 23:32:19+00,AAPL,143.03,
2022-10-19 23:32:18+00,DIS,98.7,
2022-10-19 23:32:18+00,TSLA,210.305,
2022-10-19 23:32:15+00,IBM,126.79,
2022-10-19 23:32:13+00,T,15.7,
2022-10-19 23:32:12+00,TSLA,210.3,
2022-10-19 23:32:11+00,XOM,104.2,
2022-10-19 23:32:09+00,VZ,36.58,
2022-10-19 23:32:09+00,NFLX,270.4,
2022-10-19 23:32:09+00,AAPL,143,
2022-10-19 23:32:08+00,AMZN,114.05,
2022-10-19 23:32:07+00,AMD,56.78,
2022-10-19 23:32:04+00,TSLA,210.27,
2022-10-19 23:32:02+00,MMM,114.2,
2022-10-19 23:31:58+00,NKE,88.56,
2022-10-19 23:31:58+00,NVDA,119.28,
2022-10-19 23:31:56+00,AMZN,114.05,
2022-10-19 23:31:53+00,TSLA,210.23,
2022-10-19 23:31:49+00,AAPL,143.06,
2022-10-19 23:31:48+00,TSLA,210.4,
2022-10-19 23:31:47+00,QCOM,111.88,
2022-10-19 23:31:46+00,PG,129.56,
2022-10-19 23:31:46+00,NFLX,270.69,
2022-10-19 23:31:44+00,QCOM,111.88,
2022-10-19 23:31:43+00,T,15.72,
2022-10-19 23:31:43+00,V,186.39,
2022-10-19 23:31:42+00,AMD,56.82,
2022-10-19 23:31:40+00,TSLA,210.4,
2022-10-19 23:31:39+00,NFLX,270.19,
2022-10-19 23:31:33+00,NKE,88.56,
2022-10-19 23:31:32+00,AMZN,114.055,
2022-10-19 23:31:32+00,NFLX,270.44,
2022-10-19 23:31:31+00,TSLA,210.34,
2022-10-19 23:31:29+00,T,15.7,
2022-10-19 23:31:29+00,NFLX,270.44,
2022-10-19 23:31:27+00,TSLA,210.35,
2022-10-19 23:31:27+00,AAPL,143.005,
2022-10-19 23:31:26+00,TSLA,210.35,
2022-10-19 23:31:25+00,INTC,25.9,
2022-10-19 23:31:25+00,INTC,25.9,
2022-10-19 23:31:21+00,TSLA,210.335,
2022-10-19 23:31:21+00,AAPL,143,
2022-10-19 23:31:21+00,AAPL,143,
2022-10-19 23:31:18+00,AAPL,142.995,
2022-10-19 23:31:18+00,AMZN,114.1,
2022-10-19 23:31:18+00,AMZN,114.1,
2022-10-19 23:31:16+00,GOOG,100.165,
2022-10-19 23:31:16+00,GOOG,100.165,
2022-10-19 23:31:14+00,AMD,56.82,
2022-10-19 23:31:14+00,TSLA,210.35,
2022-10-19 23:31:14+00,AMD,56.82,
2022-10-19 23:31:13+00,CVX,168.4,
2022-10-19 23:31:07+00,TSLA,210.35,
2022-10-19 23:31:06+00,PG,129.56,
2022-10-19 23:31:06+00,NFLX,270.44,
2022-10-19 23:31:06+00,AAPL,142.995,
2022-10-19 23:31:06+00,NFLX,270.44,
2022-10-19 23:31:03+00,GOOG,100.2,
2022-10-19 23:31:01+00,AMZN,114.025,
2022-10-19 23:30:58+00,NFLX,270.44,
2022-10-19 23:30:58+00,TSLA,210.35,
2022-10-19 23:30:55+00,NVDA,119.28,
2022-10-19 23:30:55+00,NVDA,119.28,
2022-10-19 23:30:55+00,NVDA,119.28,
2022-10-19 23:30:52+00,TSLA,210.4,
2022-10-19 23:30:52+00,CAT,184.35,
2022-10-19 23:30:51+00,AMD,56.77,
2022-10-19 23:30:51+00,AMD,56.77,
2022-10-19 23:30:50+00,AAPL,142.98,
2022-10-19 23:30:50+00,AAPL,142.98,
2022-10-19 23:30:50+00,AAPL,142.98,
2022-10-19 23:30:47+00,AAPL,142.995,
2022-10-19 23:30:44+00,TSLA,210.31,
2022-10-19 23:30:41+00,IBM,126.5,
2022-10-19 23:30:40+00,TSLA,210.26,
2022-10-19 23:30:39+00,CSCO,41.66,
2022-10-19 23:30:39+00,AMZN,114.045,
2022-10-19 23:30:39+00,AMZN,114.045,
2022-10-19 23:30:39+00,CSCO,41.66,
2022-10-19 23:30:39+00,CSCO,41.66,
2022-10-19 23:30:39+00,CSCO,41.66,
2022-10-19 23:30:39+00,CSCO,41.66,
2022-10-19 23:30:38+00,IBM,126.5,
2022-10-19 23:30:34+00,NFLX,270.35,
2022-10-19 23:30:34+00,NVDA,119.28,
2022-10-19 23:30:34+00,MU,52.58,
2022-10-19 23:30:34+00,AMD,56.75,
2022-10-19 23:30:34+00,MU,52.58,
2022-10-19 23:30:34+00,MU,52.58,
2022-10-19 23:30:31+00,NFLX,270.7,
2022-10-19 23:30:31+00,AMD,56.78,
2022-10-19 23:30:31+00,AAPL,143.015,
2022-10-19 23:30:29+00,TSLA,210.4,
2022-10-19 23:30:26+00,AAPL,143.015,
2022-10-19 23:30:24+00,SNAP,10.89,
2022-10-19 23:30:24+00,AMZN,114.01,
2022-10-19 23:30:24+00,SNAP,10.89,
2022-10-19 23:30:24+00,SNAP,10.89,
2022-10-19 23:30:24+00,SNAP,10.89,
2022-10-19 23:30:24+00,SNAP,10.89,
2022-10-19 23:30:24+00,SNAP,10.89,
2022-10-19 23:30:22+00,CVX,168.27,
2022-10-19 23:30:22+00,BAC,33.88,
2022-10-19 23:30:22+00,CVX,168.27,
2022-10-19 23:30:21+00,TSLA,210.25,
2022-10-19 23:30:19+00,NFLX,270.525,
2022-10-19 23:30:18+00,AMZN,114.01,
2022-10-19 23:30:16+00,AAPL,143,
2022-10-19 23:30:16+00,AMD,56.8,
2022-10-19 23:30:13+00,TSLA,210.27,
2022-10-19 23:30:12+00,NFLX,270.525,
2022-10-19 23:30:12+00,NVDA,119.33,
2022-10-19 23:30:10+00,SQ,53.56,
2022-10-19 23:30:07+00,TSLA,210.275,
2022-10-19 23:30:04+00,XOM,104.2,
2022-10-19 23:30:03+00,AMZN,114.055,
2022-10-19 23:30:00+00,TSLA,210.3,
2022-10-19 23:29:59+00,AMAT,77.2,
2022-10-19 23:29:59+00,AMAT,77.2,
2022-10-19 23:29:59+00,AMAT,77.2,
2022-10-19 23:29:55+00,NVDA,119.33,
2022-10-19 23:29:53+00,AAPL,143.06,
2022-10-19 23:29:53+00,MRK,93.2,
2022-10-19 23:29:53+00,MRK,93.2,
2022-10-19 23:29:52+00,GOOG,100.2,
2022-10-19 23:29:51+00,TSLA,210.3,
2022-10-19 23:29:47+00,TSLA,210.25,
2022-10-19 23:29:47+00,UBER,27.35,
2022-10-19 23:29:46+00,TSLA,210.2501,
2022-10-19 23:29:45+00,NFLX,270.525,
2022-10-19 23:29:44+00,TSLA,210.315,
2022-10-19 23:29:43+00,AMZN,114.01,
2022-10-19 23:29:38+00,TSLA,210.3,
2022-10-19 23:29:38+00,AAPL,143.05,
2022-10-19 23:29:37+00,AMZN,114.1,
2022-10-19 23:29:35+00,NVDA,119.33,
2022-10-19 23:29:34+00,SNAP,10.9,
2022-10-19 23:29:32+00,SQ,53.74,
2022-10-19 23:29:30+00,AMAT,77.2,
2022-10-19 23:29:29+00,TSLA,210.31,
2022-10-19 23:29:25+00,NVDA,119.485,
2022-10-19 23:29:23+00,GOOG,100.16,
2022-10-19 23:29:23+00,AMAT,77.2,
2022-10-19 23:29:22+00,TSLA,210.32,
2022-10-19 23:29:21+00,NVDA,119.33,
2022-10-19 23:29:19+00,DIS,98.7,
2022-10-19 23:29:16+00,SQ,53.75,
2022-10-19 23:29:13+00,TSLA,210.36,
2022-10-19 23:29:12+00,IBM,126.5,
2022-10-19 23:29:12+00,AMZN,114.11,
2022-10-19 23:29:09+00,AMAT,77.2,
2022-10-19 23:29:07+00,TSLA,210.34,
2022-10-19 23:29:05+00,AMAT,77.2,
2022-10-19 23:29:03+00,AAPL,143.07,
2022-10-19 23:29:02+00,NFLX,270.525,
2022-10-19 23:28:57+00,AMD,56.82,
2022-10-19 23:28:57+00,TSLA,210.39,
2022-10-19 23:28:56+00,AMZN,114.14,
2022-10-19 23:28:52+00,TSLA,210.41,
2022-10-19 23:28:50+00,MSFT,234.9,
2022-10-19 23:28:50+00,NVDA,119.4,
2022-10-19 23:28:50+00,MSFT,234.9,
2022-10-19 23:28:50+00,MSFT,234.9,
2022-10-19 23:28:47+00,NKE,88.56,
2022-10-19 23:28:47+00,MSFT,234.9,
2022-10-19 23:28:47+00,AMZN,114.125,
2022-10-19 23:28:47+00,AAPL,143.05,
2022-10-19 23:28:46+00,TSLA,210.43,
2022-10-19 23:28:45+00,GOOG,100.19,
2022-10-19 23:28:42+00,TSLA,210.45,
2022-10-19 23:28:40+00,TSLA,210.43,
2022-10-19 23:28:38+00,AMZN,114.125,
2022-10-19 23:28:37+00,AAPL,143.05,
2022-10-19 23:28:35+00,AAPL,143.03,
2022-10-19 23:28:35+00,NFLX,270.525,
2022-10-19 23:28:31+00,BAC,33.85,
2022-10-19 23:28:30+00,NKE,88.56,
2022-10-19 23:28:30+00,TSLA,210.42,
2022-10-19 23:28:27+00,AAPL,143.05,
2022-10-19 23:28:23+00,TSLA,210.43,
2022-10-19 23:28:19+00,AAPL,143.06,
2022-10-19 23:28:18+00,NKE,88.56,
2022-10-19 23:28:17+00,GOOG,100.23,
2022-10-19 23:28:15+00,TSLA,210.44,
2022-10-19 23:28:14+00,AMAT,76.26,
2022-10-19 23:28:13+00,AAPL,143.05,
2022-10-19 23:28:13+00,AMD,56.88,
2022-10-19 23:28:11+00,SQ,53.75,
2022-10-19 23:28:11+00,SQ,53.75,
2022-10-19 23:28:09+00,T,16.09,
2022-10-19 23:28:08+00,TSLA,210.45,
2022-10-19 23:28:07+00,NFLX,270.54,
2022-10-19 23:28:07+00,AAPL,143.04,
2022-10-19 23:28:05+00,AMZN,114.14,
2022-10-19 23:28:03+00,NKE,88.57,
2022-10-19 23:28:03+00,T,15.65,
2022-10-19 23:28:03+00,GOOG,100.2,
2022-10-19 23:28:00+00,TSLA,210.42,
2022-10-19 23:28:00+00,AAPL,143.07,
2022-10-19 23:28:00+00,AMD,56.88,
2022-10-19 23:27:58+00,ABNB,116.5,
2022-10-19 23:27:58+00,ABNB,116.5,
2022-10-19 23:27:58+00,ABNB,116.5,
2022-10-19 23:27:58+00,ABNB,116.5,
2022-10-19 23:27:58+00,ABNB,116.5,
2022-10-19 23:27:57+00,CVX,168.27,
2022-10-19 23:27:57+00,AMD,56.85,
2022-10-19 23:27:54+00,AAPL,143.04,
2022-10-19 23:27:52+00,SQ,53.75,
2022-10-19 23:27:52+00,ZM,77,
2022-10-19 23:27:52+00,ZM,77,
2022-10-19 23:27:52+00,ZM,77,
2022-10-19 23:27:50+00,TSLA,210.455,
2022-10-19 23:27:50+00,USB,41.26,
2022-10-19 23:27:49+00,NKE,88.57,
2022-10-19 23:27:47+00,AAPL,143.04,
2022-10-19 23:27:46+00,TSLA,210.45,
2022-10-19 23:27:44+00,AAPL,143.055,
2022-10-19 23:27:44+00,AMZN,114.13,
2022-10-19 23:27:39+00,TSLA,210.5,
2022-10-19 23:27:35+00,T,15.65,
2022-10-19 23:27:33+00,AAPL,143.045,
2022-10-19 23:27:33+00,NFLX,270.7,
2022-10-19 23:27:30+00,NKE,88.57,
2022-10-19 23:27:30+00,TSLA,210.455,
2022-10-19 23:27:29+00,AMZN,114.11,
2022-10-19 23:27:27+00,AAPL,143.06,
2022-10-19 23:27:25+00,AAPL,143.045,
2022-10-19 23:27:21+00,TSLA,210.45,
2022-10-19 23:27:21+00,AMZN,114.11,
2022-10-19 23:27:19+00,INTC,25.9,
2022-10-19 23:27:19+00,INTC,25.9,
2022-10-19 23:27:17+00,AAPL,143,
2022-10-19 23:27:15+00,TSLA,210.45,
2022-10-19 23:27:12+00,GE,70.08,
2022-10-19 23:27:12+00,GE,70.08,
2022-10-19 23:27:12+00,GE,70.08,
2022-10-19 23:27:12+00,GE,70.08,
2022-10-19 23:27:11+00,NFLX,270.635,
2022-10-19 23:27:10+00,AMD,56.85,
2022-10-19 23:27:09+00,TSLA,210.455,
2022-10-19 23:27:04+00,BA,137.75,
2022-10-19 23:27:04+00,BA,137.75,
2022-10-19 23:27:03+00,SNAP,10.91,
2022-10-19 23:27:03+00,TSLA,210.4,
2022-10-19 23:27:01+00,AMD,56.85,
2022-10-19 23:26:55+00,NFLX,270.635,
2022-10-19 23:26:55+00,TSLA,210.43,
2022-10-19 23:26:55+00,NVDA,119.66,
2022-10-19 23:26:54+00,AMD,56.875,
2022-10-19 23:26:53+00,SNAP,10.93,
2022-10-19 23:26:53+00,QCOM,111.88,
2022-10-19 23:26:53+00,QCOM,111.88,
2022-10-19 23:26:53+00,QCOM,111.88,
2022-10-19 23:26:48+00,TSLA,210.43,
2022-10-19 23:26:46+00,TSLA,210.46,
2022-10-19 23:26:46+00,AAPL,143,
2022-10-19 23:26:44+00,TSLA,210.42,
2022-10-19 23:26:42+00,NVDA,119.51,
2022-10-19 23:26:40+00,CRM,152.04,
2022-10-19 23:26:40+00,CRM,152.04,
2022-10-19 23:26:36+00,AMZN,114.155,
2022-10-19 23:26:34+00,BAC,33.85,
2022-10-19 23:26:32+00,AAPL,143.015,
2022-10-19 23:26:32+00,TSLA,210.455,
2022-10-19 23:26:29+00,TSLA,210.475,
2022-10-19 23:26:25+00,AMZN,114.2,
2022-10-19 23:26:22+00,GOOG,100.25,
2022-10-19 23:26:19+00,TSLA,210.4,
2022-10-19 23:26:19+00,AMZN,114.15,
2022-10-19 23:26:14+00,AMD,56.81,
2022-10-19 23:26:14+00,NVDA,119.51,
2022-10-19 23:26:12+00,TSLA,210.52,
2022-10-19 23:26:11+00,AAPL,142.97,
2022-10-19 23:26:06+00,NVDA,119.52,
2022-10-19 23:26:05+00,T,15.66,
2022-10-19 23:26:04+00,AMD,56.85,
2022-10-19 23:26:03+00,TSLA,210.5,
2022-10-19 23:25:59+00,TSLA,210.62,
2022-10-19 23:25:59+00,AAPL,143.07,
2022-10-19 23:25:55+00,NFLX,270.635,
2022-10-19 23:25:54+00,NVDA,119.52,
2022-10-19 23:25:54+00,AMZN,114.15,
2022-10-19 23:25:53+00,C,43.18,
2022-10-19 23:25:49+00,TSLA,210.585,
2022-10-19 23:25:46+00,TSLA,210.6,
2022-10-19 23:25:45+00,C,43,
2022-10-19 23:25:45+00,C,43,
2022-10-19 23:25:39+00,TSLA,210.58,
2022-10-19 23:25:36+00,AAPL,143.07,
2022-10-19 23:25:33+00,NVDA,119.52,
2022-10-19 23:25:32+00,AMZN,114.15,
2022-10-19 23:25:31+00,TSLA,210.6,
2022-10-19 23:25:29+00,IBM,126.6,
2022-10-19 23:25:29+00,INTC,25.9,
2022-10-19 23:25:27+00,CRM,152.03,
2022-10-19 23:25:27+00,CRM,152.03,
2022-10-19 23:25:26+00,AAPL,143.07,
2022-10-19 23:25:25+00,AMZN,114.1,
2022-10-19 23:25:23+00,TSLA,210.59,
2022-10-19 23:25:22+00,JPM,116.25,
2022-10-19 23:25:22+00,GM,33.57,
2022-10-19 23:25:18+00,NFLX,270.54,
2022-10-19 23:25:14+00,TSLA,210.65,
2022-10-19 23:25:10+00,GOOG,100.15,
2022-10-19 23:25:09+00,TSLA,210.45,
2022-10-19 23:25:08+00,NVDA,119.52,
2022-10-19 23:25:03+00,WFC,43.61,
2022-10-19 23:25:00+00,AAPL,143.07,
2022-10-19 23:24:58+00,AMD,56.83,
2022-10-19 23:24:58+00,TSLA,210.55,
2022-10-19 23:24:56+00,AMZN,114.145,
2022-10-19 23:24:56+00,INTC,25.97,
2022-10-19 23:24:53+00,NVDA,119.6,
2022-10-19 23:24:52+00,AMAT,76.26,
2022-10-19 23:24:51+00,NFLX,270.64,
2022-10-19 23:24:50+00,AMZN,114.17,
2022-10-19 23:24:49+00,TSLA,210.55,
2022-10-19 23:24:47+00,TSLA,210.49,
2022-10-19 23:24:44+00,T,15.66,
2022-10-19 23:24:44+00,TSLA,210.49,
2022-10-19 23:24:44+00,AMZN,114.1,
2022-10-19 23:24:41+00,DIS,98.54,
2022-10-19 23:24:41+00,NFLX,270.615,
2022-10-19 23:24:40+00,AAPL,143.07,
2022-10-19 23:24:40+00,HD,274.74,
2022-10-19 23:24:35+00,TSLA,210.49,
2022-10-19 23:24:35+00,MSFT,234.99,
2022-10-19 23:24:34+00,MO,44.61,
2022-10-19 23:24:33+00,NFLX,270.55,
2022-10-19 23:24:32+00,AAPL,143.07,
2022-10-19 23:24:26+00,TSLA,210.6,
2022-10-19 23:24:22+00,MS,77.2,
2022-10-19 23:24:21+00,TSLA,210.58,
2022-10-19 23:24:18+00,AAPL,143.08,
2022-10-19 23:24:15+00,HD,274.18,
2022-10-19 23:24:15+00,HD,274.18,
2022-10-19 23:24:12+00,TSLA,210.635,
2022-10-19 23:24:11+00,AAPL,143.09,
2022-10-19 23:24:08+00,AMD,56.81,
2022-10-19 23:24:07+00,AMZN,114.18,
2022-10-19 23:24:06+00,PG,129.56,
2022-10-19 23:24:06+00,TSLA,210.64,
2022-10-19 23:24:04+00,T,15.63,
2022-10-19 23:24:01+00,AAPL,143.065,
2022-10-19 23:23:59+00,TSLA,210.64,
2022-10-19 23:23:59+00,AAPL,143.05,
2022-10-19 23:23:59+00,NVDA,119.6,
2022-10-19 23:23:56+00,HD,275.48,
2022-10-19 23:23:56+00,NFLX,270.55,
2022-10-19 23:23:53+00,AAPL,143.08,
2022-10-19 23:23:53+00,NVDA,119.555,
2022-10-19 23:23:49+00,AMZN,114.15,
2022-10-19 23:23:48+00,TSLA,210.62,
2022-10-19 23:23:47+00,AMZN,114.18,
2022-10-19 23:23:45+00,AAPL,143.06,
2022-10-19 23:23:45+00,TSLA,210.575,
2022-10-19 23:23:44+00,TSLA,210.6,
2022-10-19 23:23:42+00,AAPL,143.05,
2022-10-19 23:23:41+00,NFLX,270.5,
2022-10-19 23:23:37+00,TSLA,210.6,
2022-10-19 23:23:36+00,NFLX,270.5,
2022-10-19 23:23:33+00,AMZN,114.09,
2022-10-19 23:23:32+00,AMZN,114.09,
2022-10-19 23:23:28+00,TSLA,210.66,
2022-10-19 23:23:20+00,NFLX,270.59,
2022-10-19 23:23:20+00,TSLA,210.69,
2022-10-19 23:23:20+00,GOOG,100.23,
2022-10-19 23:23:20+00,AMZN,114.09,
2022-10-19 23:23:18+00,AMD,56.8,
2022-10-19 23:23:18+00,NVDA,119.555,
2022-10-19 23:23:16+00,AAPL,143.05,
2022-10-19 23:23:15+00,CVX,168.4,
2022-10-19 23:23:13+00,TSLA,210.65,
2022-10-19 23:23:12+00,NFLX,270.495,
2022-10-19 23:23:11+00,T,15.63,
2022-10-19 23:23:10+00,SNAP,10.93,
2022-10-19 23:23:10+00,SNAP,10.93,
2022-10-19 23:23:10+00,SNAP,10.93,
2022-10-19 23:23:08+00,TSLA,210.56,
2022-10-19 23:23:03+00,BAC,33.9,
2022-10-19 23:23:00+00,NVDA,119.555,
2022-10-19 23:22:59+00,TSLA,210.63,
2022-10-19 23:22:58+00,AMZN,114.09,
2022-10-19 23:22:58+00,GOOG,100.27,
2022-10-19 23:22:58+00,MU,52.6,
2022-10-19 23:22:55+00,PG,129.56,
2022-10-19 23:22:52+00,TSLA,210.55,
2022-10-19 23:22:51+00,DIS,98.79,
2022-10-19 23:22:50+00,XOM,104.15,
2022-10-19 23:22:50+00,SQ,53.75,
2022-10-19 23:22:50+00,NFLX,270.4,
2022-10-19 23:22:49+00,AAPL,143.025,
2022-10-19 23:22:45+00,TSLA,210.55,
2022-10-19 23:22:45+00,AMZN,114.03,
2022-10-19 23:22:45+00,AAPL,142.99,
2022-10-19 23:22:44+00,DIS,98.7,
2022-10-19 23:22:42+00,TSLA,210.63,
2022-10-19 23:22:39+00,INTC,25.95,
2022-10-19 23:22:38+00,MSFT,234.64,
2022-10-19 23:22:38+00,AMZN,114.065,
2022-10-19 23:22:37+00,QCOM,111.88,
2022-10-19 23:22:36+00,AMZN,114.09,
2022-10-19 23:22:30+00,PYPL,84.35,
2022-10-19 23:22:30+00,PYPL,84.35,
2022-10-19 23:22:30+00,PYPL,84.35,
2022-10-19 23:22:28+00,TSLA,210.555,
2022-10-19 23:22:24+00,PYPL,84.35,
2022-10-19 23:22:23+00,TSLA,210.55,
2022-10-19 23:22:22+00,AMZN,114.065,
2022-10-19 23:22:16+00,AMZN,114.09,
2022-10-19 23:22:14+00,TSLA,210.57,
2022-10-19 23:22:13+00,GOOG,100.21,
2022-10-19 23:22:12+00,SNAP,10.93,
2022-10-19 23:22:12+00,SNAP,10.93,
2022-10-19 23:22:11+00,AMAT,76.26,
2022-10-19 23:22:10+00,HD,275,
2022-10-19 23:22:09+00,AMZN,114.065,
2022-10-19 23:22:08+00,DIS,98.73,
2022-10-19 23:22:04+00,TSLA,210.6,
2022-10-19 23:22:04+00,NVDA,119.5,
2022-10-19 23:22:02+00,XOM,104.15,
2022-10-19 23:21:58+00,TSLA,210.54,
2022-10-19 23:21:57+00,NVDA,119.5,
2022-10-19 23:21:52+00,NFLX,270.5,
2022-10-19 23:21:51+00,AAPL,142.99,
2022-10-19 23:21:49+00,TSLA,210.55,
2022-10-19 23:21:45+00,TSLA,210.57,
2022-10-19 23:21:45+00,TSLA,210.515,
2022-10-19 23:21:44+00,AMZN,114.1,
2022-10-19 23:21:41+00,AAPL,143.09,
2022-10-19 23:21:41+00,NFLX,270.5,
2022-10-19 23:21:38+00,TSLA,210.47,
2022-10-19 23:21:38+00,NVDA,119.5,
2022-10-19 23:21:36+00,AAPL,143.09,
2022-10-19 23:21:34+00,AMZN,114.1,
2022-10-19 23:21:33+00,GOOG,100.265,
2022-10-19 23:21:33+00,GOOG,100.265,
2022-10-19 23:21:29+00,TSLA,210.5,
2022-10-19 23:21:24+00,AMZN,114.05,
2022-10-19 23:21:22+00,TSLA,210.545,
2022-10-19 23:21:20+00,BA,138.18,
2022-10-19 23:21:20+00,NVDA,119.595,
2022-10-19 23:21:20+00,NVDA,119.595,
2022-10-19 23:21:16+00,XOM,104.15,
2022-10-19 23:21:16+00,TSLA,210.52,
2022-10-19 23:21:15+00,AMZN,114.05,
2022-10-19 23:21:14+00,HD,275,
2022-10-19 23:21:12+00,MU,52.57,
2022-10-19 23:21:12+00,MU,52.57,
2022-10-19 23:21:09+00,NFLX,270.51,
2022-10-19 23:21:09+00,TSLA,210.45,
2022-10-19 23:21:09+00,NFLX,270.51,
2022-10-19 23:21:08+00,MSFT,234.71,
2022-10-19 23:21:08+00,MSFT,234.71,
2022-10-19 23:21:06+00,AAPL,143.045,
2022-10-19 23:21:06+00,AAPL,143.045,
2022-10-19 23:21:05+00,AMZN,114.05,
2022-10-19 23:21:02+00,TSLA,210.45,
2022-10-19 23:21:00+00,AAPL,143.09,
2022-10-19 23:20:56+00,NFLX,270.73,
2022-10-19 23:20:56+00,TSLA,210.49,
2022-10-19 23:20:52+00,TSLA,210.49,
2022-10-19 23:20:50+00,PFE,43.11,
2022-10-19 23:20:49+00,CVX,168.98,
2022-10-19 23:20:48+00,BA,138,
2022-10-19 23:20:48+00,TSLA,210.45,
2022-10-19 23:20:47+00,INTC,25.97,
2022-10-19 23:20:47+00,INTC,25.97,
2022-10-19 23:20:47+00,INTC,25.97,
2022-10-19 23:20:46+00,TSLA,210.45,
2022-10-19 23:20:45+00,AAPL,143.045,
2022-10-19 23:20:45+00,AAPL,143.045,
2022-10-19 23:20:41+00,GOOG,100.18,
2022-10-19 23:20:41+00,TSLA,210.475,
2022-10-19 23:20:41+00,GOOG,100.18,
2022-10-19 23:20:41+00,GOOG,100.18,
2022-10-19 23:20:38+00,TSLA,210.45,
2022-10-19 23:20:35+00,AMD,56.84,
2022-10-19 23:20:35+00,AMD,56.84,
2022-10-19 23:20:35+00,AMD,56.84,
2022-10-19 23:20:30+00,TSLA,210.45,
2022-10-19 23:20:30+00,AMZN,114.02,
2022-10-19 23:20:28+00,AMD,56.84,
2022-10-19 23:20:27+00,AMZN,114.055,
2022-10-19 23:20:24+00,AMD,56.85,
2022-10-19 23:20:23+00,TSLA,210.5,
2022-10-19 23:20:20+00,NVDA,119.5,
2022-10-19 23:20:20+00,NVDA,119.5,
2022-10-19 23:20:19+00,T,15.66,
2022-10-19 23:20:19+00,T,15.66,
2022-10-19 23:20:15+00,NFLX,270.615,
2022-10-19 23:20:12+00,AMD,56.85,
2022-10-19 23:20:12+00,TSLA,210.5,
2022-10-19 23:20:09+00,GOOG,100.25,
2022-10-19 23:20:09+00,NVDA,119.51,
2022-10-19 23:20:07+00,TSLA,210.45,
2022-10-19 23:20:01+00,AAPL,143,
2022-10-19 23:20:01+00,NVDA,119.62,
2022-10-19 23:19:58+00,TSLA,210.49,
2022-10-19 23:19:57+00,NVDA,119.62,
2022-10-19 23:19:55+00,AMD,56.85,
2022-10-19 23:19:55+00,GM,33.57,
2022-10-19 23:19:54+00,NFLX,270.68,
2022-10-19 23:19:54+00,GM,33.44,
2022-10-19 23:19:51+00,AMZN,114.05,
2022-10-19 23:19:51+00,GOOG,100.25,
2022-10-19 23:19:51+00,AMZN,114.05,
2022-10-19 23:19:50+00,TSLA,210.62,
2022-10-19 23:19:50+00,NFLX,270.59,
2022-10-19 23:19:46+00,SNAP,10.93,
2022-10-19 23:19:46+00,GOOG,100.2,
2022-10-19 23:19:46+00,GOOG,100.2,
2022-10-19 23:19:46+00,SNAP,10.93,
2022-10-19 23:19:45+00,TSLA,210.4,
2022-10-19 23:19:44+00,MU,52.6,
2022-10-19 23:19:44+00,MU,52.6,
2022-10-19 23:19:43+00,TSLA,210.38,
2022-10-19 23:19:41+00,AAPL,143,
2022-10-19 23:19:38+00,WFC,43.62,
2022-10-19 23:19:38+00,WFC,43.62,
2022-10-19 23:19:38+00,WFC,43.62,
2022-10-19 23:19:34+00,MSFT,234.8,
2022-10-19 23:19:34+00,TSLA,210.38,
2022-10-19 23:19:33+00,AAPL,143.045,
2022-10-19 23:19:30+00,AMZN,114.05,
2022-10-19 23:19:29+00,TSLA,210.345,
2022-10-19 23:19:29+00,AMZN,114.01,
2022-10-19 23:19:28+00,IBM,126.52,
2022-10-19 23:19:28+00,IBM,126.52,
2022-10-19 23:19:28+00,IBM,126.52,
2022-10-19 23:19:22+00,GOOG,100.2,
2022-10-19 23:19:22+00,AAPL,143.045,
2022-10-19 23:19:20+00,TSLA,210.32,
2022-10-19 23:19:19+00,GM,33.46,
2022-10-19 23:19:17+00,INTC,25.9,
2022-10-19 23:19:15+00,JPM,116.39,
2022-10-19 23:19:13+00,ZM,75.5,
2022-10-19 23:19:13+00,ZM,75.5,
2022-10-19 23:19:13+00,ZM,75.5,
2022-10-19 23:19:12+00,TSLA,210.31,
2022-10-19 23:19:12+00,AAPL,143.015,
2022-10-19 23:19:11+00,GOOG,100.2,
2022-10-19 23:19:11+00,NVDA,119.62,
2022-10-19 23:19:11+00,AMD,56.85,
2022-10-19 23:19:05+00,NFLX,270.51,
2022-10-19 23:19:05+00,USB,41.26,
2022-10-19 23:19:04+00,TSLA,210.38,
2022-10-19 23:19:03+00,GOOG,100.2,
2022-10-19 23:19:00+00,MSFT,234.91,
2022-10-19 23:18:55+00,TSLA,210.38,
2022-10-19 23:18:55+00,GOOG,100.2,
2022-10-19 23:18:54+00,AMZN,114.05,
2022-10-19 23:18:52+00,MSFT,234.8,
2022-10-19 23:18:51+00,KO,55.95,
2022-10-19 23:18:48+00,TSLA,210.38,
2022-10-19 23:18:46+00,TSLA,210.4,
2022-10-19 23:18:45+00,ORCL,66.21,
2022-10-19 23:18:45+00,ORCL,66.21,
2022-10-19 23:18:45+00,ORCL,66.21,
2022-10-19 23:18:45+00,ORCL,66.21,
2022-10-19 23:18:44+00,NFLX,270.5,
2022-10-19 23:18:42+00,TSLA,210.4,
2022-10-19 23:18:39+00,HD,274.18,
2022-10-19 23:18:39+00,AAPL,143.02,
2022-10-19 23:18:37+00,AMZN,114.05,
2022-10-19 23:18:35+00,NFLX,270.5,
2022-10-19 23:18:34+00,AMZN,114.05,
2022-10-19 23:18:34+00,AAPL,143,
2022-10-19 23:18:34+00,TSLA,210.37,
2022-10-19 23:18:31+00,SNAP,10.92,
2022-10-19 23:18:29+00,NVDA,119.615,
2022-10-19 23:18:28+00,TSLA,210.39,
2022-10-19 23:18:27+00,AAPL,142.95,
2022-10-19 23:18:22+00,TSLA,210.35,
2022-10-19 23:18:22+00,NVDA,119.54,
2022-10-19 23:18:21+00,VZ,36.57,
2022-10-19 23:18:21+00,VZ,36.57,
2022-10-19 23:18:20+00,MSFT,234.8,
2022-10-19 23:18:20+00,AMD,56.85,
2022-10-19 23:18:17+00,AAPL,143,
2022-10-19 23:18:15+00,NVDA,119.615,
2022-10-19 23:18:14+00,TSLA,210.375,
2022-10-19 23:18:08+00,DIS,98.74,
2022-10-19 23:18:06+00,NFLX,270.515,
2022-10-19 23:18:05+00,TSLA,210.43,
2022-10-19 23:18:01+00,AMZN,113.95,
2022-10-19 23:18:00+00,GOOG,100.2,
2022-10-19 23:17:58+00,NFLX,270.3,
2022-10-19 23:17:57+00,TSLA,210.4,
2022-10-19 23:17:56+00,BAC,33.89,
2022-10-19 23:17:56+00,BAC,33.89,
2022-10-19 23:17:54+00,NFLX,270.3,
2022-10-19 23:17:54+00,AMZN,114,
2022-10-19 23:17:53+00,NVDA,119.54,
2022-10-19 23:17:47+00,TSLA,210.49,
2022-10-19 23:17:44+00,TSLA,210.45,
2022-10-19 23:17:44+00,AMD,56.85,
2022-10-19 23:17:43+00,NFLX,270.32,
2022-10-19 23:17:42+00,AMD,56.88,
2022-10-19 23:17:38+00,SNAP,10.92,
2022-10-19 23:17:36+00,TSLA,210.5,
2022-10-19 23:17:33+00,AAPL,143,
2022-10-19 23:17:32+00,GOOG,100.29,
2022-10-19 23:17:29+00,AMZN,114,
2022-10-19 23:17:28+00,NFLX,270.7,
2022-10-19 23:17:28+00,TSLA,210.36,
2022-10-19 23:17:26+00,AMZN,114.065,
2022-10-19 23:17:25+00,SNAP,10.9,
2022-10-19 23:17:25+00,GM,33.48,
2022-10-19 23:17:22+00,AMD,56.915,
2022-10-19 23:17:20+00,NFLX,270.3,
2022-10-19 23:17:20+00,TSLA,210.42,
2022-10-19 23:17:14+00,NVDA,119.54,
2022-10-19 23:17:14+00,TSLA,210.515,
2022-10-19 23:17:11+00,NFLX,270.31,
2022-10-19 23:17:10+00,AAPL,143,
2022-10-19 23:17:08+00,TSLA,210.53,
2022-10-19 23:17:06+00,AMZN,114.12,
2022-10-19 23:17:05+00,AAPL,143.045,
2022-10-19 23:17:02+00,SNAP,10.92,
2022-10-19 23:17:00+00,AAPL,143.045,
2022-10-19 23:16:59+00,AAPL,143.045,
2022-10-19 23:16:58+00,TSLA,210.56,
2022-10-19 23:16:55+00,NFLX,270.7,
2022-10-19 23:16:51+00,TSLA,210.62,
2022-10-19 23:16:51+00,AAPL,143.08,
2022-10-19 23:16:51+00,AMD,56.88,
2022-10-19 23:16:49+00,MSFT,234.85,
2022-10-19 23:16:46+00,TSLA,210.59,
2022-10-19 23:16:46+00,GE,70.11,
2022-10-19 23:16:44+00,AMD,56.94,
2022-10-19 23:16:43+00,TSLA,210.57,
2022-10-19 23:16:42+00,NFLX,270.74,
2022-10-19 23:16:41+00,GOOG,100.2,
2022-10-19 23:16:39+00,TSLA,210.615,
2022-10-19 23:16:31+00,TSLA,210.62,
2022-10-19 23:16:30+00,JNJ,164.6,
2022-10-19 23:16:30+00,JNJ,164.6,
2022-10-19 23:16:30+00,JNJ,164.6,
2022-10-19 23:16:29+00,AAPL,143.085,
2022-10-19 23:16:27+00,GOOG,100.31,
2022-10-19 23:16:26+00,IBM,126.52,
2022-10-19 23:16:24+00,IBM,126.83,
2022-10-19 23:16:24+00,GOOG,100.31,
2022-10-19 23:16:23+00,MSFT,234.85,
2022-10-19 23:16:21+00,TSLA,210.565,
2022-10-19 23:16:20+00,VZ,36.57,
2022-10-19 23:16:19+00,BA,138,
2022-10-19 23:16:18+00,AMZN,114.125,
2022-10-19 23:16:17+00,TSLA,210.6,
2022-10-19 23:16:14+00,KO,55.94,
2022-10-19 23:16:07+00,TSLA,210.75,
2022-10-19 23:16:06+00,GOOG,100.34,
2022-10-19 23:16:04+00,SNAP,10.92,
2022-10-19 23:16:04+00,SNAP,10.92,
2022-10-19 23:16:04+00,SNAP,10.92,
2022-10-19 23:16:04+00,SNAP,10.92,
2022-10-19 23:16:01+00,AAPL,143.09,
2022-10-19 23:15:58+00,TSLA,210.74,
2022-10-19 23:15:52+00,TSLA,210.68,
2022-10-19 23:15:52+00,AAPL,143.09,
2022-10-19 23:15:48+00,NFLX,270.515,
2022-10-19 23:15:46+00,VZ,36.57,
2022-10-19 23:15:46+00,AMZN,114.17,
2022-10-19 23:15:43+00,AAPL,143.09,
2022-10-19 23:15:43+00,TSLA,210.7,
2022-10-19 23:15:39+00,TSLA,210.625,
2022-10-19 23:15:37+00,NFLX,270.375,
2022-10-19 23:15:36+00,SNAP,10.92,
2022-10-19 23:15:29+00,AAPL,143.05,
2022-10-19 23:15:29+00,AMAT,76.5,
2022-10-19 23:15:29+00,AMAT,76.5,
2022-10-19 23:15:29+00,AMAT,76.5,
2022-10-19 23:15:28+00,NFLX,270.44,
2022-10-19 23:15:28+00,TSLA,210.74,
2022-10-19 23:15:27+00,PYPL,84.37,
2022-10-19 23:15:27+00,PYPL,84.37,
2022-10-19 23:15:27+00,PYPL,84.37,
2022-10-19 23:15:23+00,CRM,153,
2022-10-19 23:15:22+00,KO,55.94,
2022-10-19 23:15:20+00,HD,275,
2022-10-19 23:15:20+00,TSLA,210.67,
2022-10-19 23:15:19+00,PYPL,84.37,
2022-10-19 23:15:19+00,MSFT,234.9,
2022-10-19 23:15:18+00,AAPL,143.085,
2022-10-19 23:15:17+00,TSLA,210.67,
2022-10-19 23:15:16+00,AMZN,114.12,
2022-10-19 23:15:14+00,AMZN,114.12,
2022-10-19 23:15:11+00,SNAP,10.92,
2022-10-19 23:15:11+00,AAPL,143.06,
2022-10-19 23:15:11+00,SNAP,10.92,
2022-10-19 23:15:10+00,TSLA,210.74,
2022-10-19 23:15:01+00,TSLA,210.6,
2022-10-19 23:15:00+00,AAPL,143.06,
2022-10-19 23:14:59+00,XOM,104.1,
2022-10-19 23:14:59+00,AMD,56.88,
2022-10-19 23:14:58+00,AMZN,114.12,
2022-10-19 23:14:58+00,NFLX,270.59,
2022-10-19 23:14:57+00,BA,138.19,
2022-10-19 23:14:57+00,AAPL,143.06,
2022-10-19 23:14:56+00,NVDA,119.54,
2022-10-19 23:14:55+00,TSLA,210.72,
2022-10-19 23:14:48+00,CVX,168.92,
2022-10-19 23:14:48+00,AMD,57,
2022-10-19 23:14:48+00,AAPL,143.06,
2022-10-19 23:14:47+00,GOOG,100.29,
2022-10-19 23:14:47+00,TSLA,210.72,
2022-10-19 23:14:45+00,TSLA,210.72,
2022-10-19 23:14:44+00,NFLX,270.78,
2022-10-19 23:14:42+00,AAPL,143.12,
2022-10-19 23:14:36+00,PG,129.56,
2022-10-19 23:14:36+00,NFLX,270.54,
2022-10-19 23:14:36+00,TSLA,210.6,
2022-10-19 23:14:31+00,GOOG,100.29,
2022-10-19 23:14:30+00,T,15.65,
2022-10-19 23:14:30+00,T,15.65,
2022-10-19 23:14:30+00,T,15.65,
2022-10-19 23:14:30+00,T,15.65,
2022-10-19 23:14:27+00,MU,52.6,
2022-10-19 23:14:26+00,TSLA,210.65,
2022-10-19 23:14:26+00,AAPL,143.06,
2022-10-19 23:14:21+00,NVDA,119.615,
2022-10-19 23:14:18+00,AAPL,143.09,
2022-10-19 23:14:17+00,IBM,126.85,
2022-10-19 23:14:17+00,IBM,126.85,
2022-10-19 23:14:17+00,IBM,126.85,
2022-10-19 23:14:16+00,NFLX,270.765,
2022-10-19 23:14:16+00,TSLA,210.7,
2022-10-19 23:14:12+00,BAC,33.89,
2022-10-19 23:14:11+00,AMZN,114.22,
2022-10-19 23:14:10+00,PFE,43.12,
2022-10-19 23:14:09+00,AAPL,143.12,
2022-10-19 23:14:04+00,TSLA,210.7,
2022-10-19 23:14:01+00,IBM,126.52,
2022-10-19 23:13:58+00,TSLA,210.64,
2022-10-19 23:13:55+00,NFLX,270.99,
2022-10-19 23:13:55+00,MO,44.65,
2022-10-19 23:13:55+00,MO,44.65,
2022-10-19 23:13:51+00,TSLA,210.75,
2022-10-19 23:13:51+00,AAPL,143.09,
2022-10-19 23:13:47+00,TSLA,210.7,
2022-10-19 23:13:46+00,SQ,53.78,
2022-10-19 23:13:43+00,TSLA,210.68,
2022-10-19 23:13:42+00,GOOG,100.29,
2022-10-19 23:13:39+00,MSFT,235,
2022-10-19 23:13:38+00,AMZN,114.12,
2022-10-19 23:13:35+00,TSLA,210.75,
2022-10-19 23:13:33+00,IBM,126.6,
2022-10-19 23:13:33+00,AMD,57,
2022-10-19 23:13:31+00,T,15.63,
2022-10-19 23:13:31+00,T,15.63,
2022-10-19 23:13:29+00,AAPL,143.085,
2022-10-19 23:13:28+00,XOM,104.1,
2022-10-19 23:13:27+00,TSLA,210.845,
2022-10-19 23:13:23+00,SNAP,10.95,
2022-10-19 23:13:23+00,NFLX,270.99,
2022-10-19 23:13:19+00,SQ,53.78,
2022-10-19 23:13:16+00,BAC,33.89,
2022-10-19 23:13:15+00,NFLX,270.54,
2022-10-19 23:13:14+00,TSLA,210.68,
2022-10-19 23:13:12+00,AMD,56.88,
2022-10-19 23:13:12+00,KO,55.94,
2022-10-19 23:13:07+00,TSLA,210.835,
2022-10-19 23:13:03+00,GOOG,100.29,
2022-10-19 23:12:56+00,TSLA,210.72,
2022-10-19 23:12:54+00,KO,55.88,
2022-10-19 23:12:50+00,PG,129.56,
2022-10-19 23:12:48+00,TSLA,210.8,
2022-10-19 23:12:45+00,SNAP,10.89,
2022-10-19 23:12:43+00,TSLA,210.68,
2022-10-19 23:12:43+00,NFLX,270.54,
2022-10-19 23:12:42+00,INTC,25.93,
2022-10-19 23:12:41+00,PG,129.56,
2022-10-19 23:12:36+00,AMD,56.88,
2022-10-19 23:12:33+00,XOM,104.06,
2022-10-19 23:12:30+00,NFLX,270.71,
2022-10-19 23:12:30+00,TSLA,210.7,
2022-10-19 23:12:29+00,CRM,153,
2022-10-19 23:12:25+00,BAC,33.88,
2022-10-19 23:12:24+00,SNAP,10.9,
2022-10-19 23:12:24+00,SNAP,10.9,
2022-10-19 23:12:23+00,AAPL,143.075,
2022-10-19 23:12:21+00,AMZN,114.14,
2022-10-19 23:12:20+00,TSLA,210.61,
2022-10-19 23:12:17+00,MMM,114.2,
2022-10-19 23:12:17+00,MMM,114.2,
2022-10-19 23:12:11+00,TSLA,210.49,
2022-10-19 23:12:11+00,AMD,56.85,
2022-10-19 23:12:10+00,C,43.25,
2022-10-19 23:12:10+00,AAPL,143.15,
2022-10-19 23:12:07+00,NKE,88.57,
2022-10-19 23:12:07+00,NFLX,270.71,
2022-10-19 23:12:07+00,NKE,88.57,
2022-10-19 23:12:05+00,KO,55.94,
2022-10-19 23:12:04+00,UBER,27.46,
2022-10-19 23:12:04+00,UBER,27.46,
2022-10-19 23:12:04+00,UBER,27.46,
2022-10-19 23:12:01+00,TSLA,210.48,
2022-10-19 23:12:00+00,NFLX,270.99,
2022-10-19 23:12:00+00,AMD,56.85,
2022-10-19 23:11:54+00,AMZN,114.15,
2022-10-19 23:11:51+00,TSLA,210.41,
2022-10-19 23:11:49+00,AMD,56.88,
2022-10-19 23:11:46+00,SQ,53.78,
2022-10-19 23:11:46+00,TSLA,210.49,
2022-10-19 23:11:46+00,INTC,25.89,
2022-10-19 23:11:46+00,AMZN,114.15,
2022-10-19 23:11:45+00,AAPL,143.02,
2022-10-19 23:11:45+00,NFLX,270.71,
2022-10-19 23:11:43+00,TSLA,210.45,
2022-10-19 23:11:39+00,T,15.63,
2022-10-19 23:11:39+00,T,15.63,
2022-10-19 23:11:39+00,T,15.63,
2022-10-19 23:11:36+00,TSLA,210.5,
2022-10-19 23:11:35+00,AMZN,114.2,
2022-10-19 23:11:29+00,TSLA,210.41,
2022-10-19 23:11:29+00,AMZN,114.15,
2022-10-19 23:11:28+00,NFLX,270.765,
2022-10-19 23:11:25+00,AAPL,143.02,
2022-10-19 23:11:25+00,MO,44.65,
2022-10-19 23:11:24+00,AMD,56.85,
2022-10-19 23:11:22+00,AMD,56.865,
2022-10-19 23:11:21+00,AAPL,143.095,
2022-10-19 23:11:20+00,TSLA,210.365,
2022-10-19 23:11:19+00,JNJ,164.69,
2022-10-19 23:11:18+00,MSFT,234.53,
2022-10-19 23:11:14+00,AMZN,114.15,
2022-10-19 23:11:11+00,TSLA,210.39,
2022-10-19 23:11:10+00,NFLX,270.71,
2022-10-19 23:11:09+00,AMD,56.88,
2022-10-19 23:11:09+00,AAPL,143.07,
2022-10-19 23:11:04+00,AAPL,143.07,
2022-10-19 23:11:02+00,CRM,153,
2022-10-19 23:11:02+00,TSLA,210.36,
2022-10-19 23:11:01+00,AMZN,114.15,
2022-10-19 23:10:53+00,TSLA,210.32,
2022-10-19 23:10:52+00,AAPL,143.04,
2022-10-19 23:10:51+00,NFLX,270.5,
2022-10-19 23:10:44+00,AAPL,143.1,
2022-10-19 23:10:44+00,AMZN,114.085,
2022-10-19 23:10:44+00,TSLA,210.39,
2022-10-19 23:10:44+00,NVDA,119.63,
2022-10-19 23:10:39+00,TSLA,210.34,
2022-10-19 23:10:39+00,MU,52.6,
2022-10-19 23:10:38+00,DIS,98.54,
2022-10-19 23:10:38+00,DIS,98.54,
2022-10-19 23:10:35+00,AMZN,114.07,
2022-10-19 23:10:33+00,NVDA,119.57,
2022-10-19 23:10:31+00,AAPL,143.17,
2022-10-19 23:10:30+00,TSLA,210.27,
2022-10-19 23:10:30+00,NFLX,270.71,
2022-10-19 23:10:29+00,AMD,56.865,
2022-10-19 23:10:27+00,AMZN,114.05,
2022-10-19 23:10:27+00,AAPL,143.11,
2022-10-19 23:10:26+00,MSFT,235.12,
2022-10-19 23:10:24+00,HD,275.48,
2022-10-19 23:10:22+00,TSLA,210.21,
2022-10-19 23:10:16+00,AAPL,143.06,
2022-10-19 23:10:14+00,TSLA,210.3,
2022-10-19 23:10:12+00,NVDA,119.625,
2022-10-19 23:10:11+00,SQ,53.8,
2022-10-19 23:10:07+00,AMZN,114.07,
2022-10-19 23:10:06+00,NFLX,270.745,
2022-10-19 23:10:05+00,TSLA,210.255,
2022-10-19 23:10:02+00,AAPL,143.095,
2022-10-19 23:09:58+00,TSLA,210.35,
2022-10-19 23:09:54+00,AMZN,114.135,
2022-10-19 23:09:50+00,INTC,25.89,
2022-10-19 23:09:50+00,AAPL,143.095,
2022-10-19 23:09:49+00,IBM,126.55,
2022-10-19 23:09:48+00,NVDA,119.625,
2022-10-19 23:09:47+00,AMD,56.9,
2022-10-19 23:09:47+00,TSLA,210.32,
2022-10-19 23:09:45+00,TSLA,210.25,
2022-10-19 23:09:44+00,NFLX,270.5,
2022-10-19 23:09:43+00,AMZN,114.135,
2022-10-19 23:09:43+00,TSLA,210.27,
2022-10-19 23:09:43+00,NFLX,270.99,
2022-10-19 23:09:31+00,KO,55.96,
2022-10-19 23:09:31+00,AMD,56.855,
2022-10-19 23:09:31+00,TSLA,210.36,
2022-10-19 23:09:30+00,NVDA,119.625,
2022-10-19 23:09:25+00,AMZN,114.12,
2022-10-19 23:09:25+00,PYPL,84.5,
2022-10-19 23:09:24+00,TSLA,210.26,
2022-10-19 23:09:23+00,HD,275.02,
2022-10-19 23:09:17+00,NFLX,270.845,
2022-10-19 23:09:14+00,TSLA,210.23,
2022-10-19 23:09:13+00,AAPL,143.08,
2022-10-19 23:09:09+00,AMD,56.84,
2022-10-19 23:09:08+00,TSLA,210.235,
2022-10-19 23:09:07+00,AMZN,114.2,
2022-10-19 23:09:01+00,T,15.57,
2022-10-19 23:08:59+00,TSLA,210.205,
2022-10-19 23:08:57+00,AMZN,114.105,
2022-10-19 23:08:55+00,JNJ,164.69,
2022-10-19 23:08:50+00,TSLA,210.2,
2022-10-19 23:08:48+00,AMD,56.855,
2022-10-19 23:08:47+00,NVDA,119.625,
2022-10-19 23:08:46+00,TSLA,210.15,
2022-10-19 23:08:46+00,GOOG,100.29,
2022-10-19 23:08:45+00,NFLX,270.51,
2022-10-19 23:08:42+00,TSLA,210.3,
2022-10-19 23:08:41+00,SNAP,10.92,
2022-10-19 23:08:41+00,AMZN,114.12,
2022-10-19 23:08:41+00,SNAP,10.92,
2022-10-19 23:08:41+00,SNAP,10.92,
2022-10-19 23:08:38+00,SNAP,10.95,
2022-10-19 23:08:35+00,TSLA,210.4,
2022-10-19 23:08:34+00,AAPL,143.05,
2022-10-19 23:08:31+00,AMZN,114.15,
2022-10-19 23:08:31+00,NFLX,270.75,
2022-10-19 23:08:29+00,KO,55.9,
2022-10-19 23:08:28+00,TSLA,210.4,
2022-10-19 23:08:26+00,GE,70.48,
2022-10-19 23:08:22+00,AAPL,143.11,
2022-10-19 23:08:21+00,GOOG,100.2,
2022-10-19 23:08:19+00,TSLA,210.36,
2022-10-19 23:08:16+00,AAPL,143,
2022-10-19 23:08:16+00,AMD,56.83,
2022-10-19 23:08:08+00,TSLA,210.31,
2022-10-19 23:08:05+00,NVDA,119.61,
2022-10-19 23:08:04+00,NKE,88.56,
2022-10-19 23:08:01+00,TSLA,210.25,
2022-10-19 23:08:01+00,PFE,43.12,
2022-10-19 23:08:00+00,T,15.59,
2022-10-19 23:08:00+00,AMZN,114.05,
2022-10-19 23:07:57+00,AAPL,143.05,
2022-10-19 23:07:56+00,PG,129.36,
2022-10-19 23:07:53+00,NFLX,270.71,
2022-10-19 23:07:52+00,TSLA,210.24,
2022-10-19 23:07:49+00,AAPL,143.03,
2022-10-19 23:07:47+00,NKE,88.56,
2022-10-19 23:07:47+00,MSFT,234.4,
2022-10-19 23:07:46+00,T,15.6,
2022-10-19 23:07:46+00,GOOG,100.225,
2022-10-19 23:07:45+00,TSLA,210.3299,
2022-10-19 23:07:43+00,TSLA,210.295,
2022-10-19 23:07:39+00,IBM,126.55,
2022-10-19 23:07:38+00,NFLX,270.5,
2022-10-19 23:07:35+00,GOOG,100.27,
2022-10-19 23:07:34+00,T,15.57,
2022-10-19 23:07:34+00,TSLA,210.27,
2022-10-19 23:07:33+00,AMZN,114.07,
2022-10-19 23:07:30+00,GOOG,100.15,
2022-10-19 23:07:27+00,GM,33.53,
2022-10-19 23:07:25+00,TSLA,210.25,
2022-10-19 23:07:25+00,AMZN,114.1,
2022-10-19 23:07:24+00,SNAP,10.95,
2022-10-19 23:07:24+00,NFLX,270.715,
2022-10-19 23:07:24+00,SNAP,10.95,
2022-10-19 23:07:21+00,KO,55.96,
2022-10-19 23:07:20+00,MSFT,235.11,
2022-10-19 23:07:18+00,AAPL,143.12,
2022-10-19 23:07:17+00,TSLA,210.2,
2022-10-19 23:07:16+00,NFLX,270.44,
2022-10-19 23:07:16+00,MSFT,235.11,
2022-10-19 23:07:12+00,AMD,56.895,
2022-10-19 23:07:10+00,TSLA,210.25,
2022-10-19 23:07:08+00,MO,44.65,
2022-10-19 23:07:08+00,MO,44.65,
2022-10-19 23:07:06+00,PYPL,84.4,
2022-10-19 23:07:06+00,MSFT,234.3,
2022-10-19 23:07:05+00,AMD,56.895,
2022-10-19 23:07:02+00,TSLA,210.12,
2022-10-19 23:07:02+00,PFE,43.11,
2022-10-19 23:07:01+00,PFE,43.11,
2022-10-19 23:07:01+00,PFE,43.11,
2022-10-19 23:06:58+00,USB,41.27,
2022-10-19 23:06:58+00,USB,41.27,
2022-10-19 23:06:58+00,USB,41.27,
2022-10-19 23:06:58+00,USB,41.27,
2022-10-19 23:06:57+00,XOM,104.25,
2022-10-19 23:06:57+00,XOM,104.25,
2022-10-19 23:06:56+00,INTC,25.93,
2022-10-19 23:06:54+00,TSLA,210.2,
2022-10-19 23:06:53+00,VZ,36.57,
2022-10-19 23:06:52+00,GOOG,100.31,
2022-10-19 23:06:48+00,NVDA,119.71,
2022-10-19 23:06:47+00,AAPL,143.105,
2022-10-19 23:06:44+00,TSLA,210.25,
2022-10-19 23:06:43+00,TSLA,210.14,
2022-10-19 23:06:43+00,MSFT,234.3,
2022-10-19 23:06:39+00,NFLX,270.715,
2022-10-19 23:06:37+00,AMZN,114.2,
2022-10-19 23:06:36+00,PYPL,84.4,
2022-10-19 23:06:34+00,TSLA,210.14,
2022-10-19 23:06:33+00,MSFT,234.94,
2022-10-19 23:06:29+00,DIS,98.52,
2022-10-19 23:06:29+00,AMD,56.865,
2022-10-19 23:06:27+00,TSLA,210.11,
2022-10-19 23:06:27+00,AMZN,114.15,
2022-10-19 23:06:25+00,GOOG,100.25,
2022-10-19 23:06:25+00,NFLX,270.72,
2022-10-19 23:06:25+00,AAPL,143.06,
2022-10-19 23:06:18+00,TSLA,210.28,
2022-10-19 23:06:13+00,PYPL,84.42,
2022-10-19 23:06:12+00,AAPL,143.01,
2022-10-19 23:06:09+00,TSLA,210.28,
2022-10-19 23:06:05+00,AMZN,114.2,
2022-10-19 23:06:04+00,QCOM,112.84,
2022-10-19 23:06:04+00,QCOM,112.84,
2022-10-19 23:06:04+00,QCOM,112.84,
2022-10-19 23:06:03+00,NFLX,271,
2022-10-19 23:06:03+00,NVDA,119.64,
2022-10-19 23:06:00+00,TSLA,210.15,
2022-10-19 23:05:59+00,IBM,126.77,
2022-10-19 23:05:55+00,IBM,126.77,
2022-10-19 23:05:54+00,AMZN,114.1,
2022-10-19 23:05:52+00,AAPL,143.06,
2022-10-19 23:05:51+00,QCOM,111.88,
2022-10-19 23:05:50+00,NVDA,119.64,
2022-10-19 23:05:49+00,MSFT,235,
2022-10-19 23:05:49+00,NFLX,271,
2022-10-19 23:05:49+00,TSLA,210.2,
2022-10-19 23:05:48+00,AAPL,143,
2022-10-19 23:05:47+00,JPM,116.39,
2022-10-19 23:05:46+00,TSLA,210.195,
2022-10-19 23:05:45+00,AAPL,143.03,
2022-10-19 23:05:44+00,NKE,88.56,
2022-10-19 23:05:44+00,NFLX,271.02,
2022-10-19 23:05:42+00,AMZN,114.14,
2022-10-19 23:05:39+00,TSLA,210.16,
2022-10-19 23:05:39+00,AAPL,143.105,
2022-10-19 23:05:36+00,WFC,43.5,
2022-10-19 23:05:36+00,WFC,43.5,
2022-10-19 23:05:34+00,NFLX,271.15,
2022-10-19 23:05:29+00,TSLA,210.18,
2022-10-19 23:05:22+00,AAPL,143.24,
2022-10-19 23:05:22+00,AMZN,114.135,
2022-10-19 23:05:20+00,TSLA,210.23,
2022-10-19 23:05:19+00,GM,33.57,
2022-10-19 23:05:17+00,AAPL,143.16,
2022-10-19 23:05:17+00,HD,275.02,
2022-10-19 23:05:12+00,TSLA,210.28,
2022-10-19 23:05:12+00,AMD,56.9,
2022-10-19 23:05:11+00,NFLX,271.24,
2022-10-19 23:05:09+00,AAPL,143.1,
2022-10-19 23:05:05+00,NVDA,119.64,
2022-10-19 23:05:05+00,AMZN,114.07,
2022-10-19 23:05:03+00,TSLA,210.24,
2022-10-19 23:05:03+00,AAPL,143.085,
2022-10-19 23:05:02+00,AMZN,114.145,
2022-10-19 23:05:00+00,AAPL,143.13,
2022-10-19 23:04:58+00,NFLX,271.32,
2022-10-19 23:04:54+00,TSLA,210.18,
2022-10-19 23:04:54+00,AAPL,143.15,
2022-10-19 23:04:53+00,AMZN,114.07,
2022-10-19 23:04:52+00,XOM,104.18,
2022-10-19 23:04:49+00,GOOG,100.25,
2022-10-19 23:04:47+00,NVDA,119.64,
2022-10-19 23:04:46+00,AMZN,114.145,
2022-10-19 23:04:45+00,TSLA,210.24,
2022-10-19 23:04:44+00,NFLX,271.32,
2022-10-19 23:04:44+00,TSLA,210.3,
2022-10-19 23:04:44+00,PYPL,84.45,
2022-10-19 23:04:44+00,AMD,56.88,
2022-10-19 23:04:42+00,MSFT,235,
2022-10-19 23:04:41+00,AAPL,143.15,
2022-10-19 23:04:40+00,IBM,126.77,
2022-10-19 23:04:39+00,AMZN,114.07,
2022-10-19 23:04:36+00,TSLA,210.13,
2022-10-19 23:04:33+00,AMZN,114.22,
2022-10-19 23:04:31+00,AAPL,143.175,
2022-10-19 23:04:28+00,TSLA,210.11,
2022-10-19 23:04:23+00,AMZN,114.11,
2022-10-19 23:04:20+00,PG,129.56,
2022-10-19 23:04:19+00,AMD,56.91,
2022-10-19 23:04:18+00,TSLA,210.085,
2022-10-19 23:04:15+00,AMZN,114.22,
2022-10-19 23:04:15+00,PYPL,84.5,
2022-10-19 23:04:13+00,NFLX,271.32,
2022-10-19 23:04:11+00,SNAP,10.96,
2022-10-19 23:04:11+00,PYPL,84.5,
2022-10-19 23:04:11+00,SNAP,10.96,
2022-10-19 23:04:11+00,SNAP,10.96,
2022-10-19 23:04:10+00,MSFT,235.3,
2022-10-19 23:04:09+00,TSLA,210.125,
2022-10-19 23:04:08+00,NFLX,271.385,
2022-10-19 23:04:06+00,CAT,183.51,
2022-10-19 23:04:06+00,CAT,183.51,
2022-10-19 23:04:06+00,CAT,183.51,
2022-10-19 23:04:06+00,CAT,183.51,
2022-10-19 23:04:05+00,ZM,75.5,
2022-10-19 23:04:04+00,PFE,43.12,
2022-10-19 23:04:01+00,TSLA,210.165,
2022-10-19 23:04:00+00,NFLX,271.32,
2022-10-19 23:04:00+00,AMZN,114.1,
2022-10-19 23:03:54+00,AMD,56.91,
2022-10-19 23:03:52+00,TSLA,210.14,
2022-10-19 23:03:49+00,SNAP,10.95,
2022-10-19 23:03:49+00,AAPL,143.2,
2022-10-19 23:03:49+00,SNAP,10.95,
2022-10-19 23:03:49+00,SNAP,10.95,
2022-10-19 23:03:49+00,SNAP,10.95,
2022-10-19 23:03:45+00,PYPL,84.5,
2022-10-19 23:03:44+00,AAPL,143.19,
2022-10-19 23:03:44+00,NFLX,271.385,
2022-10-19 23:03:43+00,TSLA,210.125,
2022-10-19 23:03:42+00,AMZN,114.135,
2022-10-19 23:03:41+00,BMY,70.73,
2022-10-19 23:03:41+00,BMY,70.73,
2022-10-19 23:03:41+00,BMY,70.73,
2022-10-19 23:03:41+00,BMY,70.73,
2022-10-19 23:03:41+00,BMY,70.73,
2022-10-19 23:03:39+00,TSLA,210.18,
2022-10-19 23:03:38+00,NFLX,271.45,
2022-10-19 23:03:35+00,QCOM,111.91,
2022-10-19 23:03:32+00,NVDA,119.56,
2022-10-19 23:03:29+00,TSLA,210.17,
2022-10-19 23:03:29+00,AAPL,143.235,
2022-10-19 23:03:28+00,T,15.59,
2022-10-19 23:03:26+00,SNAP,10.94,
2022-10-19 23:03:25+00,BMY,70.71,
2022-10-19 23:03:24+00,AMZN,114.1,
2022-10-19 23:03:23+00,IBM,126.6,
2022-10-19 23:03:22+00,NFLX,271.32,
2022-10-19 23:03:21+00,BMY,70.75,
2022-10-19 23:03:20+00,TSLA,210.11,
2022-10-19 23:03:18+00,MS,77.44,
2022-10-19 23:03:18+00,MS,77.44,
2022-10-19 23:03:18+00,MS,77.44,
2022-10-19 23:03:17+00,BAC,33.87,
2022-10-19 23:03:17+00,USB,41.27,
2022-10-19 23:03:17+00,PYPL,84.51,
2022-10-19 23:03:17+00,BAC,33.87,
2022-10-19 23:03:16+00,NVDA,119.71,
2022-10-19 23:03:14+00,AMZN,114.1,
2022-10-19 23:03:11+00,TSLA,210.07,
2022-10-19 23:03:10+00,GE,70.09,
2022-10-19 23:03:10+00,GE,70.09,
2022-10-19 23:03:10+00,GE,70.09,
2022-10-19 23:03:06+00,BMY,71.33,
2022-10-19 23:03:06+00,BMY,71.33,
2022-10-19 23:03:06+00,BMY,71.33,
2022-10-19 23:03:06+00,BMY,71.33,
2022-10-19 23:03:05+00,PG,129.56,
2022-10-19 23:03:05+00,PG,129.56,
2022-10-19 23:03:02+00,MSFT,235.5,
2022-10-19 23:03:00+00,CRM,153,
2022-10-19 23:03:00+00,NVDA,119.71,
2022-10-19 23:03:00+00,TSLA,210.2,
2022-10-19 23:03:00+00,AMZN,114.265,
2022-10-19 23:02:59+00,AAPL,143.29,
2022-10-19 23:02:59+00,ABNB,116.02,
2022-10-19 23:02:59+00,ABNB,116.02,
2022-10-19 23:02:59+00,ABNB,116.02,
2022-10-19 23:02:53+00,TSLA,210.195,
2022-10-19 23:02:51+00,T,15.6,
2022-10-19 23:02:48+00,TSLA,210.165,
2022-10-19 23:02:48+00,NVDA,119.625,
2022-10-19 23:02:47+00,XOM,104.06,
2022-10-19 23:02:47+00,AMZN,114.26,
2022-10-19 23:02:45+00,AAPL,143.25,
2022-10-19 23:02:43+00,AAPL,143.275,
2022-10-19 23:02:41+00,IBM,126.6,
2022-10-19 23:02:40+00,TSLA,210.06,
2022-10-19 23:02:39+00,AMZN,114.28,
2022-10-19 23:02:38+00,PFE,43.11,
2022-10-19 23:02:38+00,NFLX,271.32,
2022-10-19 23:02:37+00,DIS,98.52,
2022-10-19 23:02:31+00,TSLA,210.1,
2022-10-19 23:02:28+00,NVDA,119.71,
2022-10-19 23:02:27+00,TSLA,210.1,
2022-10-19 23:02:26+00,AMD,56.85,
2022-10-19 23:02:26+00,AMD,56.88,
2022-10-19 23:02:21+00,AAPL,143.3,
2022-10-19 23:02:18+00,TSLA,210.05,
2022-10-19 23:02:12+00,QCOM,111.88,
2022-10-19 23:02:08+00,NVDA,119.71,
2022-10-19 23:02:08+00,BAC,33.88,
2022-10-19 23:02:07+00,TSLA,210.055,
2022-10-19 23:02:04+00,NFLX,271.31,
2022-10-19 23:02:03+00,AMZN,114.32,
2022-10-19 23:02:01+00,AMZN,114.32,
2022-10-19 23:02:00+00,BAC,33.88,
2022-10-19 23:02:00+00,AAPL,143.26,
2022-10-19 23:01:58+00,NFLX,271.38,
2022-10-19 23:01:58+00,TSLA,210.19,
2022-10-19 23:01:54+00,IBM,126.79,
2022-10-19 23:01:51+00,GOOG,100.255,
2022-10-19 23:01:48+00,TSLA,210.175,
2022-10-19 23:01:46+00,TSLA,210.185,
2022-10-19 23:01:45+00,GM,33.43,
2022-10-19 23:01:45+00,GM,33.43,
2022-10-19 23:01:42+00,NFLX,271.4,
2022-10-19 23:01:42+00,AAPL,143.3,
2022-10-19 23:01:42+00,TSLA,210.2,
2022-10-19 23:01:40+00,IBM,126.56,
2022-10-19 23:01:32+00,TSLA,210.22,
2022-10-19 23:01:32+00,AAPL,143.25,
2022-10-19 23:01:31+00,NFLX,271.425,
2022-10-19 23:01:24+00,MMM,114.2,
2022-10-19 23:01:23+00,TSLA,210.185,
2022-10-19 23:01:18+00,TSLA,210.2,
2022-10-19 23:01:16+00,AMZN,114.3,
2022-10-19 23:01:12+00,ABNB,117,
2022-10-19 23:01:12+00,INTC,25.925,
2022-10-19 23:01:10+00,NVDA,119.625,
2022-10-19 23:01:10+00,CVS,91.65,
2022-10-19 23:01:10+00,CVS,91.65,
2022-10-19 23:01:10+00,CVS,91.65,
2022-10-19 23:01:10+00,CVS,91.65,
2022-10-19 23:01:10+00,CVS,91.65,
2022-10-19 23:01:10+00,CVS,91.65,
2022-10-19 23:01:10+00,CVS,91.65,
2022-10-19 23:01:10+00,CVS,91.65,
2022-10-19 23:01:10+00,CVS,91.65,
2022-10-19 23:01:10+00,CVS,91.65,
2022-10-19 23:01:10+00,CVS,91.65,
2022-10-19 23:01:09+00,TSLA,210.275,
2022-10-19 23:01:08+00,AMZN,114.3,
2022-10-19 23:01:08+00,AAPL,143.24,
2022-10-19 23:01:00+00,TSLA,210.3,
2022-10-19 23:00:58+00,NVDA,119.54,
2022-10-19 23:00:58+00,MS,77.57,
2022-10-19 23:00:58+00,MS,77.57,
